[
  {
    "Date": "1/28/2013",
    "Day": 28,
    "Month": "January",
    "Year": 2013,
    "Customer_Age": 31,
    "Age_Group": "Young Adults (25-34)",
    "Customer_Gender": "M",
    "Country": "Australia",
    "State": "Queensland",
    "Product_Category": "Bikes",
    "Sub_Category": "Mountain Bikes",
    "Product": "Mountain-100 Silver",
    "Order_Quantity": 38,
    "Unit_Cost": 1,
    "Unit_Price": 1912,
    "Profit": 3400,
    "Cost": 944,
    "Revenue": 1912,
    "Outlier": 2856,
    "": "Bukan Outlier",
    "__1": "AVERAGE",
    "__2": "STDV",
    "__3": "Q1",
    "__4": "Q3",
    "__5": "IQR",
    "__6": "R.MIN"
  },
  {
    "Date": "1/28/2015",
    "Day": 28,
    "Month": "January",
    "Year": 2015,
    "Customer_Age": 31,
    "Age_Group": "Young Adults (25-34)",
    "Customer_Gender": "M",
    "Country": "Australia",
    "State": "Queensland",
    "Product_Category": "Bikes",
    "Sub_Category": "Mountain Bikes",
    "Product": "Mountain-100 Silver",
    "Order_Quantity": 38,
    "Unit_Cost": 1,
    "Unit_Price": 1912,
    "Profit": 3400,
    "Cost": 944,
    "Revenue": 1912,
    "Outlier": 2856,
    "": "Bukan Outlier",
    "__1": 2381,
    "__2": 735442,
    "__3": 1852,
    "__4": 600741,
    "__5": 1042,
    "__6": 2934
  },
  {
    "Date": "7/22/2013",
    "Day": 22,
    "Month": "July",
    "Year": 2013,
    "Customer_Age": 31,
    "Age_Group": "Young Adults (25-34)",
    "Customer_Gender": "M",
    "Country": "Australia",
    "State": "Queensland",
    "Product_Category": "Bikes",
    "Sub_Category": "Mountain Bikes",
    "Product": "Mountain-100 Silver",
    "Order_Quantity": 38,
    "Unit_Cost": 1,
    "Unit_Price": 1912,
    "Profit": 3400,
    "Cost": 944,
    "Revenue": 1912,
    "Outlier": 2856,
    "": "Bukan Outlier",
    "__1": "",
    "__2": "",
    "__3": "",
    "__4": "",
    "__5": "",
    "__6": ""
  },
  {
    "Date": "7/22/2015",
    "Day": 22,
    "Month": "July",
    "Year": 2015,
    "Customer_Age": 31,
    "Age_Group": "Young Adults (25-34)",
    "Customer_Gender": "M",
    "Country": "Australia",
    "State": "Queensland",
    "Product_Category": "Bikes",
    "Sub_Category": "Mountain Bikes",
    "Product": "Mountain-100 Silver",
    "Order_Quantity": 38,
    "Unit_Cost": 2,
    "Unit_Price": 1912,
    "Profit": 3400,
    "Cost": 1888,
    "Revenue": 3824,
    "Outlier": 5712,
    "": "Bukan Outlier",
    "__1": "",
    "__2": "",
    "__3": "Suatu value akan dianggap outlier apabila <-1796 atau > 5772",
    "__4": "",
    "__5": "",
    "__6": ""
  },
  {
    "Date": "12/25/2013",
    "Day": 25,
    "Month": "December",
    "Year": 2013,
    "Customer_Age": 31,
    "Age_Group": "Young Adults (25-34)",
    "Customer_Gender": "M",
    "Country": "Australia",
    "State": "Queensland",
    "Product_Category": "Bikes",
    "Sub_Category": "Mountain Bikes",
    "Product": "Mountain-100 Silver",
    "Order_Quantity": 38,
    "Unit_Cost": 1,
    "Unit_Price": 1912,
    "Profit": 3400,
    "Cost": 944,
    "Revenue": 1912,
    "Outlier": 2856,
    "": "Bukan Outlier",
    "__1": "Jumlah Data",
    "__2": 25794,
    "__3": 93,
    "__4": "23%",
    "__5": "",
    "__6": ""
  },
  {
    "Date": "12/25/2015",
    "Day": 25,
    "Month": "December",
    "Year": 2015,
    "Customer_Age": 31,
    "Age_Group": "Young Adults (25-34)",
    "Customer_Gender": "M",
    "Country": "Australia",
    "State": "Queensland",
    "Product_Category": "Bikes",
    "Sub_Category": "Mountain Bikes",
    "Product": "Mountain-100 Silver",
    "Order_Quantity": 38,
    "Unit_Cost": 3,
    "Unit_Price": 1912,
    "Profit": 3400,
    "Cost": 2832,
    "Revenue": 5736,
    "Outlier": 8568,
    "": "Outlier",
    "__1": "Jumlah Outlier",
    "__2": 1874,
    "__3": 6,
    "__4": "77%",
    "__5": "",
    "__6": ""
  },
  {
    "Date": "2/13/2014",
    "Day": 13,
    "Month": "February",
    "Year": 2014,
    "Customer_Age": 31,
    "Age_Group": "Young Adults (25-34)",
    "Customer_Gender": "M",
    "Country": "Australia",
    "State": "Queensland",
    "Product_Category": "Bikes",
    "Sub_Category": "Mountain Bikes",
    "Product": "Mountain-100 Silver",
    "Order_Quantity": 38,
    "Unit_Cost": 1,
    "Unit_Price": 1912,
    "Profit": 3400,
    "Cost": 944,
    "Revenue": 1912,
    "Outlier": 2856,
    "": "Bukan Outlier",
    "__1": "",
    "__2": "",
    "__3": "",
    "__4": "",
    "__5": "",
    "__6": ""
  },
  {
    "Date": "2/13/2016",
    "Day": 13,
    "Month": "February",
    "Year": 2016,
    "Customer_Age": 31,
    "Age_Group": "Young Adults (25-34)",
    "Customer_Gender": "M",
    "Country": "Australia",
    "State": "Queensland",
    "Product_Category": "Bikes",
    "Sub_Category": "Mountain Bikes",
    "Product": "Mountain-100 Silver",
    "Order_Quantity": 38,
    "Unit_Cost": 2,
    "Unit_Price": 1912,
    "Profit": 3400,
    "Cost": 1888,
    "Revenue": 3824,
    "Outlier": 5712,
    "": "Bukan Outlier",
    "__1": "",
    "__2": "",
    "__3": "",
    "__4": "",
    "__5": "",
    "__6": ""
  },
  {
    "Date": "7/4/2013",
    "Day": 4,
    "Month": "July",
    "Year": 2013,
    "Customer_Age": 32,
    "Age_Group": "Young Adults (25-34)",
    "Customer_Gender": "M",
    "Country": "Australia",
    "State": "Tasmania",
    "Product_Category": "Bikes",
    "Sub_Category": "Mountain Bikes",
    "Product": "Mountain-100 Silver",
    "Order_Quantity": 44,
    "Unit_Cost": 1,
    "Unit_Price": 1912,
    "Profit": 3400,
    "Cost": 842,
    "Revenue": 1912,
    "Outlier": 2754,
    "": "Bukan Outlier",
    "__1": "",
    "__2": "",
    "__3": "",
    "__4": "",
    "__5": "",
    "__6": ""
  },
  {
    "Date": "7/4/2015",
    "Day": 4,
    "Month": "July",
    "Year": 2015,
    "Customer_Age": 32,
    "Age_Group": "Young Adults (25-34)",
    "Customer_Gender": "M",
    "Country": "Australia",
    "State": "Tasmania",
    "Product_Category": "Bikes",
    "Sub_Category": "Mountain Bikes",
    "Product": "Mountain-100 Silver",
    "Order_Quantity": 44,
    "Unit_Cost": 1,
    "Unit_Price": 1912,
    "Profit": 3400,
    "Cost": 842,
    "Revenue": 1912,
    "Outlier": 2754,
    "": "Bukan Outlier",
    "__1": "",
    "__2": "",
    "__3": "",
    "__4": "",
    "__5": "",
    "__6": ""
  },
  {
    "Date": "2/7/2013",
    "Day": 7,
    "Month": "February",
    "Year": 2013,
    "Customer_Age": 32,
    "Age_Group": "Young Adults (25-34)",
    "Customer_Gender": "M",
    "Country": "Australia",
    "State": "Queensland",
    "Product_Category": "Bikes",
    "Sub_Category": "Mountain Bikes",
    "Product": "Mountain-100 Black",
    "Order_Quantity": 48,
    "Unit_Cost": 1,
    "Unit_Price": 1898,
    "Profit": 3375,
    "Cost": 937,
    "Revenue": 1898,
    "Outlier": 2835,
    "": "Bukan Outlier",
    "__1": "",
    "__2": "",
    "__3": "",
    "__4": "",
    "__5": "",
    "__6": ""
  },
  {
    "Date": "2/7/2015",
    "Day": 7,
    "Month": "February",
    "Year": 2015,
    "Customer_Age": 32,
    "Age_Group": "Young Adults (25-34)",
    "Customer_Gender": "M",
    "Country": "Australia",
    "State": "Queensland",
    "Product_Category": "Bikes",
    "Sub_Category": "Mountain Bikes",
    "Product": "Mountain-100 Black",
    "Order_Quantity": 48,
    "Unit_Cost": 3,
    "Unit_Price": 1898,
    "Profit": 3375,
    "Cost": 2811,
    "Revenue": 5694,
    "Outlier": 8505,
    "": "Outlier",
    "__1": "",
    "__2": "",
    "__3": "",
    "__4": "",
    "__5": "",
    "__6": ""
  },
  {
    "Date": "7/27/2013",
    "Day": 27,
    "Month": "July",
    "Year": 2013,
    "Customer_Age": 32,
    "Age_Group": "Young Adults (25-34)",
    "Customer_Gender": "M",
    "Country": "Australia",
    "State": "Queensland",
    "Product_Category": "Bikes",
    "Sub_Category": "Mountain Bikes",
    "Product": "Mountain-100 Black",
    "Order_Quantity": 48,
    "Unit_Cost": 1,
    "Unit_Price": 1898,
    "Profit": 3375,
    "Cost": 937,
    "Revenue": 1898,
    "Outlier": 2835,
    "": "Bukan Outlier",
    "__1": "",
    "__2": "",
    "__3": "",
    "__4": "",
    "__5": "",
    "__6": ""
  },
  {
    "Date": "7/27/2015",
    "Day": 27,
    "Month": "July",
    "Year": 2015,
    "Customer_Age": 32,
    "Age_Group": "Young Adults (25-34)",
    "Customer_Gender": "M",
    "Country": "Australia",
    "State": "Queensland",
    "Product_Category": "Bikes",
    "Sub_Category": "Mountain Bikes",
    "Product": "Mountain-100 Black",
    "Order_Quantity": 48,
    "Unit_Cost": 1,
    "Unit_Price": 1898,
    "Profit": 3375,
    "Cost": 937,
    "Revenue": 1898,
    "Outlier": 2835,
    "": "Bukan Outlier",
    "__1": "",
    "__2": "",
    "__3": "",
    "__4": "",
    "__5": "",
    "__6": ""
  },
  {
    "Date": "2/4/2014",
    "Day": 4,
    "Month": "February",
    "Year": 2014,
    "Customer_Age": 32,
    "Age_Group": "Young Adults (25-34)",
    "Customer_Gender": "M",
    "Country": "Australia",
    "State": "Queensland",
    "Product_Category": "Bikes",
    "Sub_Category": "Mountain Bikes",
    "Product": "Mountain-100 Black",
    "Order_Quantity": 48,
    "Unit_Cost": 1,
    "Unit_Price": 1898,
    "Profit": 3375,
    "Cost": 937,
    "Revenue": 1898,
    "Outlier": 2835,
    "": "Bukan Outlier",
    "__1": "",
    "__2": "",
    "__3": "",
    "__4": "",
    "__5": "",
    "__6": ""
  },
  {
    "Date": "2/4/2016",
    "Day": 4,
    "Month": "February",
    "Year": 2016,
    "Customer_Age": 32,
    "Age_Group": "Young Adults (25-34)",
    "Customer_Gender": "M",
    "Country": "Australia",
    "State": "Queensland",
    "Product_Category": "Bikes",
    "Sub_Category": "Mountain Bikes",
    "Product": "Mountain-100 Black",
    "Order_Quantity": 48,
    "Unit_Cost": 1,
    "Unit_Price": 1898,
    "Profit": 3375,
    "Cost": 937,
    "Revenue": 1898,
    "Outlier": 2835,
    "": "Bukan Outlier",
    "__1": "",
    "__2": "",
    "__3": "",
    "__4": "",
    "__5": "",
    "__6": ""
  },
  {
    "Date": "7/4/2013",
    "Day": 4,
    "Month": "July",
    "Year": 2013,
    "Customer_Age": 33,
    "Age_Group": "Young Adults (25-34)",
    "Customer_Gender": "M",
    "Country": "Australia",
    "State": "Victoria",
    "Product_Category": "Bikes",
    "Sub_Category": "Mountain Bikes",
    "Product": "Mountain-100 Silver",
    "Order_Quantity": 48,
    "Unit_Cost": 1,
    "Unit_Price": 1912,
    "Profit": 3400,
    "Cost": 774,
    "Revenue": 1912,
    "Outlier": 2686,
    "": "Bukan Outlier",
    "__1": "",
    "__2": "",
    "__3": "",
    "__4": "",
    "__5": "",
    "__6": ""
  },
  {
    "Date": "7/4/2015",
    "Day": 4,
    "Month": "July",
    "Year": 2015,
    "Customer_Age": 33,
    "Age_Group": "Young Adults (25-34)",
    "Customer_Gender": "M",
    "Country": "Australia",
    "State": "Victoria",
    "Product_Category": "Bikes",
    "Sub_Category": "Mountain Bikes",
    "Product": "Mountain-100 Silver",
    "Order_Quantity": 48,
    "Unit_Cost": 3,
    "Unit_Price": 1912,
    "Profit": 3400,
    "Cost": 2322,
    "Revenue": 5736,
    "Outlier": 8058,
    "": "Outlier",
    "__1": "",
    "__2": "",
    "__3": "",
    "__4": "",
    "__5": "",
    "__6": ""
  },
  {
    "Date": "7/25/2013",
    "Day": 25,
    "Month": "July",
    "Year": 2013,
    "Customer_Age": 33,
    "Age_Group": "Young Adults (25-34)",
    "Customer_Gender": "M",
    "Country": "Australia",
    "State": "Victoria",
    "Product_Category": "Bikes",
    "Sub_Category": "Mountain Bikes",
    "Product": "Mountain-100 Silver",
    "Order_Quantity": 48,
    "Unit_Cost": 1,
    "Unit_Price": 1912,
    "Profit": 3400,
    "Cost": 774,
    "Revenue": 1912,
    "Outlier": 2686,
    "": "Bukan Outlier",
    "__1": "",
    "__2": "",
    "__3": "",
    "__4": "",
    "__5": "",
    "__6": ""
  },
  {
    "Date": "7/25/2015",
    "Day": 25,
    "Month": "July",
    "Year": 2015,
    "Customer_Age": 33,
    "Age_Group": "Young Adults (25-34)",
    "Customer_Gender": "M",
    "Country": "Australia",
    "State": "Victoria",
    "Product_Category": "Bikes",
    "Sub_Category": "Mountain Bikes",
    "Product": "Mountain-100 Silver",
    "Order_Quantity": 48,
    "Unit_Cost": 1,
    "Unit_Price": 1912,
    "Profit": 3400,
    "Cost": 774,
    "Revenue": 1912,
    "Outlier": 2686,
    "": "Bukan Outlier",
    "__1": "",
    "__2": "",
    "__3": "",
    "__4": "",
    "__5": "",
    "__6": ""
  },
  {
    "Date": "12/9/2012",
    "Day": 9,
    "Month": "December",
    "Year": 2012,
    "Customer_Age": 33,
    "Age_Group": "Young Adults (25-34)",
    "Customer_Gender": "F",
    "Country": "Australia",
    "State": "Victoria",
    "Product_Category": "Bikes",
    "Sub_Category": "Mountain Bikes",
    "Product": "Mountain-100 Black",
    "Order_Quantity": 38,
    "Unit_Cost": 2,
    "Unit_Price": 1898,
    "Profit": 3375,
    "Cost": 1537,
    "Revenue": 3796,
    "Outlier": 5333,
    "": "Bukan Outlier",
    "__1": "",
    "__2": "",
    "__3": "",
    "__4": "",
    "__5": "",
    "__6": ""
  },
  {
    "Date": "12/9/2011",
    "Day": 9,
    "Month": "December",
    "Year": 2011,
    "Customer_Age": 33,
    "Age_Group": "Young Adults (25-34)",
    "Customer_Gender": "F",
    "Country": "Australia",
    "State": "Victoria",
    "Product_Category": "Bikes",
    "Sub_Category": "Mountain Bikes",
    "Product": "Mountain-100 Black",
    "Order_Quantity": 38,
    "Unit_Cost": 2,
    "Unit_Price": 1898,
    "Profit": 3375,
    "Cost": 1537,
    "Revenue": 3796,
    "Outlier": 5333,
    "": "Bukan Outlier",
    "__1": "",
    "__2": "",
    "__3": "",
    "__4": "",
    "__5": "",
    "__6": ""
  },
  {
    "Date": "12/20/2012",
    "Day": 20,
    "Month": "December",
    "Year": 2012,
    "Customer_Age": 33,
    "Age_Group": "Young Adults (25-34)",
    "Customer_Gender": "F",
    "Country": "Australia",
    "State": "Victoria",
    "Product_Category": "Bikes",
    "Sub_Category": "Mountain Bikes",
    "Product": "Mountain-100 Black",
    "Order_Quantity": 38,
    "Unit_Cost": 2,
    "Unit_Price": 1898,
    "Profit": 3375,
    "Cost": 1537,
    "Revenue": 3796,
    "Outlier": 5333,
    "": "Bukan Outlier",
    "__1": "",
    "__2": "",
    "__3": "",
    "__4": "",
    "__5": "",
    "__6": ""
  },
  {
    "Date": "12/20/2011",
    "Day": 20,
    "Month": "December",
    "Year": 2011,
    "Customer_Age": 33,
    "Age_Group": "Young Adults (25-34)",
    "Customer_Gender": "F",
    "Country": "Australia",
    "State": "Victoria",
    "Product_Category": "Bikes",
    "Sub_Category": "Mountain Bikes",
    "Product": "Mountain-100 Black",
    "Order_Quantity": 38,
    "Unit_Cost": 4,
    "Unit_Price": 1898,
    "Profit": 3375,
    "Cost": 3073,
    "Revenue": 7592,
    "Outlier": 10665,
    "": "Outlier",
    "__1": "",
    "__2": "",
    "__3": "",
    "__4": "",
    "__5": "",
    "__6": ""
  },
  {
    "Date": "7/7/2013",
    "Day": 7,
    "Month": "July",
    "Year": 2013,
    "Customer_Age": 33,
    "Age_Group": "Young Adults (25-34)",
    "Customer_Gender": "F",
    "Country": "Australia",
    "State": "Victoria",
    "Product_Category": "Bikes",
    "Sub_Category": "Mountain Bikes",
    "Product": "Mountain-100 Black",
    "Order_Quantity": 38,
    "Unit_Cost": 1,
    "Unit_Price": 1898,
    "Profit": 3375,
    "Cost": 768,
    "Revenue": 1898,
    "Outlier": 2666,
    "": "Bukan Outlier",
    "__1": "",
    "__2": "",
    "__3": "",
    "__4": "",
    "__5": "",
    "__6": ""
  },
  {
    "Date": "7/7/2015",
    "Day": 7,
    "Month": "July",
    "Year": 2015,
    "Customer_Age": 33,
    "Age_Group": "Young Adults (25-34)",
    "Customer_Gender": "F",
    "Country": "Australia",
    "State": "Victoria",
    "Product_Category": "Bikes",
    "Sub_Category": "Mountain Bikes",
    "Product": "Mountain-100 Black",
    "Order_Quantity": 38,
    "Unit_Cost": 1,
    "Unit_Price": 1898,
    "Profit": 3375,
    "Cost": 768,
    "Revenue": 1898,
    "Outlier": 2666,
    "": "Bukan Outlier",
    "__1": "",
    "__2": "",
    "__3": "",
    "__4": "",
    "__5": "",
    "__6": ""
  },
  {
    "Date": "1/14/2014",
    "Day": 14,
    "Month": "January",
    "Year": 2014,
    "Customer_Age": 33,
    "Age_Group": "Young Adults (25-34)",
    "Customer_Gender": "F",
    "Country": "Australia",
    "State": "Victoria",
    "Product_Category": "Bikes",
    "Sub_Category": "Mountain Bikes",
    "Product": "Mountain-100 Black",
    "Order_Quantity": 38,
    "Unit_Cost": 1,
    "Unit_Price": 1898,
    "Profit": 3375,
    "Cost": 768,
    "Revenue": 1898,
    "Outlier": 2666,
    "": "Bukan Outlier",
    "__1": "",
    "__2": "",
    "__3": "",
    "__4": "",
    "__5": "",
    "__6": ""
  },
  {
    "Date": "1/14/2016",
    "Day": 14,
    "Month": "January",
    "Year": 2016,
    "Customer_Age": 33,
    "Age_Group": "Young Adults (25-34)",
    "Customer_Gender": "F",
    "Country": "Australia",
    "State": "Victoria",
    "Product_Category": "Bikes",
    "Sub_Category": "Mountain Bikes",
    "Product": "Mountain-100 Black",
    "Order_Quantity": 38,
    "Unit_Cost": 1,
    "Unit_Price": 1898,
    "Profit": 3375,
    "Cost": 768,
    "Revenue": 1898,
    "Outlier": 2666,
    "": "Bukan Outlier",
    "__1": "",
    "__2": "",
    "__3": "",
    "__4": "",
    "__5": "",
    "__6": ""
  },
  {
    "Date": "1/31/2014",
    "Day": 31,
    "Month": "January",
    "Year": 2014,
    "Customer_Age": 33,
    "Age_Group": "Young Adults (25-34)",
    "Customer_Gender": "F",
    "Country": "Australia",
    "State": "Victoria",
    "Product_Category": "Bikes",
    "Sub_Category": "Mountain Bikes",
    "Product": "Mountain-100 Black",
    "Order_Quantity": 38,
    "Unit_Cost": 1,
    "Unit_Price": 1898,
    "Profit": 3375,
    "Cost": 768,
    "Revenue": 1898,
    "Outlier": 2666,
    "": "Bukan Outlier",
    "__1": "",
    "__2": "",
    "__3": "",
    "__4": "",
    "__5": "",
    "__6": ""
  },
  {
    "Date": "1/31/2016",
    "Day": 31,
    "Month": "January",
    "Year": 2016,
    "Customer_Age": 33,
    "Age_Group": "Young Adults (25-34)",
    "Customer_Gender": "F",
    "Country": "Australia",
    "State": "Victoria",
    "Product_Category": "Bikes",
    "Sub_Category": "Mountain Bikes",
    "Product": "Mountain-100 Black",
    "Order_Quantity": 38,
    "Unit_Cost": 1,
    "Unit_Price": 1898,
    "Profit": 3375,
    "Cost": 768,
    "Revenue": 1898,
    "Outlier": 2666,
    "": "Bukan Outlier",
    "__1": "",
    "__2": "",
    "__3": "",
    "__4": "",
    "__5": "",
    "__6": ""
  },
  {
    "Date": "8/13/2013",
    "Day": 13,
    "Month": "August",
    "Year": 2013,
    "Customer_Age": 18,
    "Age_Group": "Youth (<25)",
    "Customer_Gender": "M",
    "Country": "United States",
    "State": "California",
    "Product_Category": "Bikes",
    "Sub_Category": "Mountain Bikes",
    "Product": "Mountain-200 Silver",
    "Order_Quantity": 38,
    "Unit_Cost": 1,
    "Unit_Price": 1266,
    "Profit": 2320,
    "Cost": 1008,
    "Revenue": 1266,
    "Outlier": 2274,
    "": "Bukan Outlier",
    "__1": "",
    "__2": "",
    "__3": "",
    "__4": "",
    "__5": "",
    "__6": ""
  },
  {
    "Date": "8/13/2015",
    "Day": 13,
    "Month": "August",
    "Year": 2015,
    "Customer_Age": 18,
    "Age_Group": "Youth (<25)",
    "Customer_Gender": "M",
    "Country": "United States",
    "State": "California",
    "Product_Category": "Bikes",
    "Sub_Category": "Mountain Bikes",
    "Product": "Mountain-200 Silver",
    "Order_Quantity": 38,
    "Unit_Cost": 2,
    "Unit_Price": 1266,
    "Profit": 2320,
    "Cost": 2015,
    "Revenue": 2532,
    "Outlier": 4547,
    "": "Bukan Outlier",
    "__1": "",
    "__2": "",
    "__3": "",
    "__4": "",
    "__5": "",
    "__6": ""
  },
  {
    "Date": "9/10/2013",
    "Day": 10,
    "Month": "September",
    "Year": 2013,
    "Customer_Age": 18,
    "Age_Group": "Youth (<25)",
    "Customer_Gender": "M",
    "Country": "United States",
    "State": "California",
    "Product_Category": "Bikes",
    "Sub_Category": "Mountain Bikes",
    "Product": "Mountain-200 Silver",
    "Order_Quantity": 38,
    "Unit_Cost": 1,
    "Unit_Price": 1266,
    "Profit": 2320,
    "Cost": 1008,
    "Revenue": 1266,
    "Outlier": 2274,
    "": "Bukan Outlier",
    "__1": "",
    "__2": "",
    "__3": "",
    "__4": "",
    "__5": "",
    "__6": ""
  },
  {
    "Date": "9/10/2015",
    "Day": 10,
    "Month": "September",
    "Year": 2015,
    "Customer_Age": 18,
    "Age_Group": "Youth (<25)",
    "Customer_Gender": "M",
    "Country": "United States",
    "State": "California",
    "Product_Category": "Bikes",
    "Sub_Category": "Mountain Bikes",
    "Product": "Mountain-200 Silver",
    "Order_Quantity": 38,
    "Unit_Cost": 1,
    "Unit_Price": 1266,
    "Profit": 2320,
    "Cost": 1008,
    "Revenue": 1266,
    "Outlier": 2274,
    "": "Bukan Outlier",
    "__1": "",
    "__2": "",
    "__3": "",
    "__4": "",
    "__5": "",
    "__6": ""
  },
  {
    "Date": "10/20/2013",
    "Day": 20,
    "Month": "October",
    "Year": 2013,
    "Customer_Age": 18,
    "Age_Group": "Youth (<25)",
    "Customer_Gender": "M",
    "Country": "United States",
    "State": "California",
    "Product_Category": "Bikes",
    "Sub_Category": "Mountain Bikes",
    "Product": "Mountain-200 Silver",
    "Order_Quantity": 38,
    "Unit_Cost": 1,
    "Unit_Price": 1266,
    "Profit": 2320,
    "Cost": 1008,
    "Revenue": 1266,
    "Outlier": 2274,
    "": "Bukan Outlier",
    "__1": "",
    "__2": "",
    "__3": "",
    "__4": "",
    "__5": "",
    "__6": ""
  },
  {
    "Date": "10/20/2015",
    "Day": 20,
    "Month": "October",
    "Year": 2015,
    "Customer_Age": 18,
    "Age_Group": "Youth (<25)",
    "Customer_Gender": "M",
    "Country": "United States",
    "State": "California",
    "Product_Category": "Bikes",
    "Sub_Category": "Mountain Bikes",
    "Product": "Mountain-200 Silver",
    "Order_Quantity": 38,
    "Unit_Cost": 2,
    "Unit_Price": 1266,
    "Profit": 2320,
    "Cost": 2015,
    "Revenue": 2532,
    "Outlier": 4547,
    "": "Bukan Outlier",
    "__1": "",
    "__2": "",
    "__3": "",
    "__4": "",
    "__5": "",
    "__6": ""
  },
  {
    "Date": "12/21/2013",
    "Day": 21,
    "Month": "December",
    "Year": 2013,
    "Customer_Age": 18,
    "Age_Group": "Youth (<25)",
    "Customer_Gender": "M",
    "Country": "United States",
    "State": "California",
    "Product_Category": "Bikes",
    "Sub_Category": "Mountain Bikes",
    "Product": "Mountain-200 Silver",
    "Order_Quantity": 38,
    "Unit_Cost": 1,
    "Unit_Price": 1266,
    "Profit": 2320,
    "Cost": 1008,
    "Revenue": 1266,
    "Outlier": 2274,
    "": "Bukan Outlier",
    "__1": "",
    "__2": "",
    "__3": "",
    "__4": "",
    "__5": "",
    "__6": ""
  },
  {
    "Date": "12/21/2015",
    "Day": 21,
    "Month": "December",
    "Year": 2015,
    "Customer_Age": 18,
    "Age_Group": "Youth (<25)",
    "Customer_Gender": "M",
    "Country": "United States",
    "State": "California",
    "Product_Category": "Bikes",
    "Sub_Category": "Mountain Bikes",
    "Product": "Mountain-200 Silver",
    "Order_Quantity": 38,
    "Unit_Cost": 1,
    "Unit_Price": 1266,
    "Profit": 2320,
    "Cost": 1008,
    "Revenue": 1266,
    "Outlier": 2274,
    "": "Bukan Outlier",
    "__1": "",
    "__2": "",
    "__3": "",
    "__4": "",
    "__5": "",
    "__6": ""
  },
  {
    "Date": "6/11/2014",
    "Day": 11,
    "Month": "June",
    "Year": 2014,
    "Customer_Age": 18,
    "Age_Group": "Youth (<25)",
    "Customer_Gender": "M",
    "Country": "United States",
    "State": "California",
    "Product_Category": "Bikes",
    "Sub_Category": "Mountain Bikes",
    "Product": "Mountain-200 Silver",
    "Order_Quantity": 38,
    "Unit_Cost": 1,
    "Unit_Price": 1266,
    "Profit": 2320,
    "Cost": 1008,
    "Revenue": 1266,
    "Outlier": 2274,
    "": "Bukan Outlier",
    "__1": "",
    "__2": "",
    "__3": "",
    "__4": "",
    "__5": "",
    "__6": ""
  },
  {
    "Date": "6/11/2016",
    "Day": 11,
    "Month": "June",
    "Year": 2016,
    "Customer_Age": 18,
    "Age_Group": "Youth (<25)",
    "Customer_Gender": "M",
    "Country": "United States",
    "State": "California",
    "Product_Category": "Bikes",
    "Sub_Category": "Mountain Bikes",
    "Product": "Mountain-200 Silver",
    "Order_Quantity": 38,
    "Unit_Cost": 1,
    "Unit_Price": 1266,
    "Profit": 2320,
    "Cost": 1008,
    "Revenue": 1266,
    "Outlier": 2274,
    "": "Bukan Outlier",
    "__1": "",
    "__2": "",
    "__3": "",
    "__4": "",
    "__5": "",
    "__6": ""
  },
  {
    "Date": "7/5/2013",
    "Day": 5,
    "Month": "July",
    "Year": 2013,
    "Customer_Age": 53,
    "Age_Group": "Adults (35-64)",
    "Customer_Gender": "F",
    "Country": "Australia",
    "State": "Victoria",
    "Product_Category": "Bikes",
    "Sub_Category": "Mountain Bikes",
    "Product": "Mountain-100 Black",
    "Order_Quantity": 44,
    "Unit_Cost": 1,
    "Unit_Price": 1898,
    "Profit": 3375,
    "Cost": 768,
    "Revenue": 1898,
    "Outlier": 2666,
    "": "Bukan Outlier",
    "__1": "",
    "__2": "",
    "__3": "",
    "__4": "",
    "__5": "",
    "__6": ""
  },
  {
    "Date": "7/5/2015",
    "Day": 5,
    "Month": "July",
    "Year": 2015,
    "Customer_Age": 53,
    "Age_Group": "Adults (35-64)",
    "Customer_Gender": "F",
    "Country": "Australia",
    "State": "Victoria",
    "Product_Category": "Bikes",
    "Sub_Category": "Mountain Bikes",
    "Product": "Mountain-100 Black",
    "Order_Quantity": 44,
    "Unit_Cost": 1,
    "Unit_Price": 1898,
    "Profit": 3375,
    "Cost": 768,
    "Revenue": 1898,
    "Outlier": 2666,
    "": "Bukan Outlier",
    "__1": "",
    "__2": "",
    "__3": "",
    "__4": "",
    "__5": "",
    "__6": ""
  },
  {
    "Date": "7/20/2013",
    "Day": 20,
    "Month": "July",
    "Year": 2013,
    "Customer_Age": 53,
    "Age_Group": "Adults (35-64)",
    "Customer_Gender": "M",
    "Country": "Australia",
    "State": "Victoria",
    "Product_Category": "Bikes",
    "Sub_Category": "Mountain Bikes",
    "Product": "Mountain-100 Silver",
    "Order_Quantity": 42,
    "Unit_Cost": 1,
    "Unit_Price": 1912,
    "Profit": 3400,
    "Cost": 774,
    "Revenue": 1912,
    "Outlier": 2686,
    "": "Bukan Outlier",
    "__1": "",
    "__2": "",
    "__3": "",
    "__4": "",
    "__5": "",
    "__6": ""
  },
  {
    "Date": "7/20/2015",
    "Day": 20,
    "Month": "July",
    "Year": 2015,
    "Customer_Age": 53,
    "Age_Group": "Adults (35-64)",
    "Customer_Gender": "M",
    "Country": "Australia",
    "State": "Victoria",
    "Product_Category": "Bikes",
    "Sub_Category": "Mountain Bikes",
    "Product": "Mountain-100 Silver",
    "Order_Quantity": 42,
    "Unit_Cost": 3,
    "Unit_Price": 1912,
    "Profit": 3400,
    "Cost": 2322,
    "Revenue": 5736,
    "Outlier": 8058,
    "": "Outlier",
    "__1": "",
    "__2": "",
    "__3": "",
    "__4": "",
    "__5": "",
    "__6": ""
  },
  {
    "Date": "7/24/2013",
    "Day": 24,
    "Month": "July",
    "Year": 2013,
    "Customer_Age": 19,
    "Age_Group": "Youth (<25)",
    "Customer_Gender": "M",
    "Country": "United States",
    "State": "Washington",
    "Product_Category": "Bikes",
    "Sub_Category": "Mountain Bikes",
    "Product": "Mountain-200 Black",
    "Order_Quantity": 46,
    "Unit_Cost": 1,
    "Unit_Price": 1252,
    "Profit": 2295,
    "Cost": 538,
    "Revenue": 1252,
    "Outlier": 1790,
    "": "Bukan Outlier",
    "__1": "",
    "__2": "",
    "__3": "",
    "__4": "",
    "__5": "",
    "__6": ""
  },
  {
    "Date": "7/24/2015",
    "Day": 24,
    "Month": "July",
    "Year": 2015,
    "Customer_Age": 19,
    "Age_Group": "Youth (<25)",
    "Customer_Gender": "M",
    "Country": "United States",
    "State": "Washington",
    "Product_Category": "Bikes",
    "Sub_Category": "Mountain Bikes",
    "Product": "Mountain-200 Black",
    "Order_Quantity": 46,
    "Unit_Cost": 3,
    "Unit_Price": 1252,
    "Profit": 2295,
    "Cost": 1614,
    "Revenue": 3756,
    "Outlier": 5370,
    "": "Bukan Outlier",
    "__1": "",
    "__2": "",
    "__3": "",
    "__4": "",
    "__5": "",
    "__6": ""
  },
  {
    "Date": "2/7/2014",
    "Day": 7,
    "Month": "February",
    "Year": 2014,
    "Customer_Age": 19,
    "Age_Group": "Youth (<25)",
    "Customer_Gender": "M",
    "Country": "United States",
    "State": "Washington",
    "Product_Category": "Bikes",
    "Sub_Category": "Mountain Bikes",
    "Product": "Mountain-200 Black",
    "Order_Quantity": 46,
    "Unit_Cost": 1,
    "Unit_Price": 1252,
    "Profit": 2295,
    "Cost": 538,
    "Revenue": 1252,
    "Outlier": 1790,
    "": "Bukan Outlier",
    "__1": "",
    "__2": "",
    "__3": "",
    "__4": "",
    "__5": "",
    "__6": ""
  },
  {
    "Date": "2/7/2016",
    "Day": 7,
    "Month": "February",
    "Year": 2016,
    "Customer_Age": 19,
    "Age_Group": "Youth (<25)",
    "Customer_Gender": "M",
    "Country": "United States",
    "State": "Washington",
    "Product_Category": "Bikes",
    "Sub_Category": "Mountain Bikes",
    "Product": "Mountain-200 Black",
    "Order_Quantity": 46,
    "Unit_Cost": 1,
    "Unit_Price": 1252,
    "Profit": 2295,
    "Cost": 538,
    "Revenue": 1252,
    "Outlier": 1790,
    "": "Bukan Outlier",
    "__1": "",
    "__2": "",
    "__3": "",
    "__4": "",
    "__5": "",
    "__6": ""
  },
  {
    "Date": "7/24/2013",
    "Day": 24,
    "Month": "July",
    "Year": 2013,
    "Customer_Age": 52,
    "Age_Group": "Adults (35-64)",
    "Customer_Gender": "M",
    "Country": "Australia",
    "State": "Queensland",
    "Product_Category": "Bikes",
    "Sub_Category": "Mountain Bikes",
    "Product": "Mountain-100 Black",
    "Order_Quantity": 44,
    "Unit_Cost": 1,
    "Unit_Price": 1898,
    "Profit": 3375,
    "Cost": 937,
    "Revenue": 1898,
    "Outlier": 2835,
    "": "Bukan Outlier",
    "__1": "",
    "__2": "",
    "__3": "",
    "__4": "",
    "__5": "",
    "__6": ""
  },
  {
    "Date": "7/24/2015",
    "Day": 24,
    "Month": "July",
    "Year": 2015,
    "Customer_Age": 52,
    "Age_Group": "Adults (35-64)",
    "Customer_Gender": "M",
    "Country": "Australia",
    "State": "Queensland",
    "Product_Category": "Bikes",
    "Sub_Category": "Mountain Bikes",
    "Product": "Mountain-100 Black",
    "Order_Quantity": 44,
    "Unit_Cost": 2,
    "Unit_Price": 1898,
    "Profit": 3375,
    "Cost": 1874,
    "Revenue": 3796,
    "Outlier": 5670,
    "": "Bukan Outlier",
    "__1": "",
    "__2": "",
    "__3": "",
    "__4": "",
    "__5": "",
    "__6": ""
  },
  {
    "Date": "5/11/2013",
    "Day": 11,
    "Month": "May",
    "Year": 2013,
    "Customer_Age": 51,
    "Age_Group": "Adults (35-64)",
    "Customer_Gender": "M",
    "Country": "Australia",
    "State": "Victoria",
    "Product_Category": "Bikes",
    "Sub_Category": "Mountain Bikes",
    "Product": "Mountain-100 Silver",
    "Order_Quantity": 48,
    "Unit_Cost": 1,
    "Unit_Price": 1912,
    "Profit": 3400,
    "Cost": 774,
    "Revenue": 1912,
    "Outlier": 2686,
    "": "Bukan Outlier",
    "__1": "",
    "__2": "",
    "__3": "",
    "__4": "",
    "__5": "",
    "__6": ""
  },
  {
    "Date": "5/11/2015",
    "Day": 11,
    "Month": "May",
    "Year": 2015,
    "Customer_Age": 51,
    "Age_Group": "Adults (35-64)",
    "Customer_Gender": "M",
    "Country": "Australia",
    "State": "Victoria",
    "Product_Category": "Bikes",
    "Sub_Category": "Mountain Bikes",
    "Product": "Mountain-100 Silver",
    "Order_Quantity": 48,
    "Unit_Cost": 1,
    "Unit_Price": 1912,
    "Profit": 3400,
    "Cost": 774,
    "Revenue": 1912,
    "Outlier": 2686,
    "": "Bukan Outlier",
    "__1": "",
    "__2": "",
    "__3": "",
    "__4": "",
    "__5": "",
    "__6": ""
  },
  {
    "Date": "11/2/2013",
    "Day": 2,
    "Month": "November",
    "Year": 2013,
    "Customer_Age": 51,
    "Age_Group": "Adults (35-64)",
    "Customer_Gender": "M",
    "Country": "Australia",
    "State": "Victoria",
    "Product_Category": "Bikes",
    "Sub_Category": "Mountain Bikes",
    "Product": "Mountain-100 Silver",
    "Order_Quantity": 48,
    "Unit_Cost": 1,
    "Unit_Price": 1912,
    "Profit": 3400,
    "Cost": 774,
    "Revenue": 1912,
    "Outlier": 2686,
    "": "Bukan Outlier",
    "__1": "",
    "__2": "",
    "__3": "",
    "__4": "",
    "__5": "",
    "__6": ""
  },
  {
    "Date": "11/2/2015",
    "Day": 2,
    "Month": "November",
    "Year": 2015,
    "Customer_Age": 51,
    "Age_Group": "Adults (35-64)",
    "Customer_Gender": "M",
    "Country": "Australia",
    "State": "Victoria",
    "Product_Category": "Bikes",
    "Sub_Category": "Mountain Bikes",
    "Product": "Mountain-100 Silver",
    "Order_Quantity": 48,
    "Unit_Cost": 1,
    "Unit_Price": 1912,
    "Profit": 3400,
    "Cost": 774,
    "Revenue": 1912,
    "Outlier": 2686,
    "": "Bukan Outlier",
    "__1": "",
    "__2": "",
    "__3": "",
    "__4": "",
    "__5": "",
    "__6": ""
  },
  {
    "Date": "11/24/2013",
    "Day": 24,
    "Month": "November",
    "Year": 2013,
    "Customer_Age": 51,
    "Age_Group": "Adults (35-64)",
    "Customer_Gender": "M",
    "Country": "Australia",
    "State": "Victoria",
    "Product_Category": "Bikes",
    "Sub_Category": "Mountain Bikes",
    "Product": "Mountain-100 Silver",
    "Order_Quantity": 48,
    "Unit_Cost": 1,
    "Unit_Price": 1912,
    "Profit": 3400,
    "Cost": 774,
    "Revenue": 1912,
    "Outlier": 2686,
    "": "Bukan Outlier",
    "__1": "",
    "__2": "",
    "__3": "",
    "__4": "",
    "__5": "",
    "__6": ""
  },
  {
    "Date": "11/24/2015",
    "Day": 24,
    "Month": "November",
    "Year": 2015,
    "Customer_Age": 51,
    "Age_Group": "Adults (35-64)",
    "Customer_Gender": "M",
    "Country": "Australia",
    "State": "Victoria",
    "Product_Category": "Bikes",
    "Sub_Category": "Mountain Bikes",
    "Product": "Mountain-100 Silver",
    "Order_Quantity": 48,
    "Unit_Cost": 1,
    "Unit_Price": 1912,
    "Profit": 3400,
    "Cost": 774,
    "Revenue": 1912,
    "Outlier": 2686,
    "": "Bukan Outlier",
    "__1": "",
    "__2": "",
    "__3": "",
    "__4": "",
    "__5": "",
    "__6": ""
  },
  {
    "Date": "4/16/2012",
    "Day": 16,
    "Month": "April",
    "Year": 2012,
    "Customer_Age": 50,
    "Age_Group": "Adults (35-64)",
    "Customer_Gender": "F",
    "Country": "Australia",
    "State": "New South Wales",
    "Product_Category": "Bikes",
    "Sub_Category": "Mountain Bikes",
    "Product": "Mountain-200 Silver",
    "Order_Quantity": 42,
    "Unit_Cost": 2,
    "Unit_Price": 1266,
    "Profit": 2320,
    "Cost": 1505,
    "Revenue": 2532,
    "Outlier": 4037,
    "": "Bukan Outlier",
    "__1": "",
    "__2": "",
    "__3": "",
    "__4": "",
    "__5": "",
    "__6": ""
  },
  {
    "Date": "4/16/2011",
    "Day": 16,
    "Month": "April",
    "Year": 2011,
    "Customer_Age": 50,
    "Age_Group": "Adults (35-64)",
    "Customer_Gender": "F",
    "Country": "Australia",
    "State": "New South Wales",
    "Product_Category": "Bikes",
    "Sub_Category": "Mountain Bikes",
    "Product": "Mountain-200 Silver",
    "Order_Quantity": 42,
    "Unit_Cost": 1,
    "Unit_Price": 1266,
    "Profit": 2320,
    "Cost": 752,
    "Revenue": 1266,
    "Outlier": 2018,
    "": "Bukan Outlier",
    "__1": "",
    "__2": "",
    "__3": "",
    "__4": "",
    "__5": "",
    "__6": ""
  },
  {
    "Date": "3/20/2013",
    "Day": 20,
    "Month": "March",
    "Year": 2013,
    "Customer_Age": 50,
    "Age_Group": "Adults (35-64)",
    "Customer_Gender": "F",
    "Country": "Australia",
    "State": "New South Wales",
    "Product_Category": "Bikes",
    "Sub_Category": "Mountain Bikes",
    "Product": "Mountain-100 Silver",
    "Order_Quantity": 48,
    "Unit_Cost": 1,
    "Unit_Price": 1912,
    "Profit": 3400,
    "Cost": 1046,
    "Revenue": 1912,
    "Outlier": 2958,
    "": "Bukan Outlier",
    "__1": "",
    "__2": "",
    "__3": "",
    "__4": "",
    "__5": "",
    "__6": ""
  },
  {
    "Date": "3/20/2015",
    "Day": 20,
    "Month": "March",
    "Year": 2015,
    "Customer_Age": 50,
    "Age_Group": "Adults (35-64)",
    "Customer_Gender": "F",
    "Country": "Australia",
    "State": "New South Wales",
    "Product_Category": "Bikes",
    "Sub_Category": "Mountain Bikes",
    "Product": "Mountain-100 Silver",
    "Order_Quantity": 48,
    "Unit_Cost": 1,
    "Unit_Price": 1912,
    "Profit": 3400,
    "Cost": 1046,
    "Revenue": 1912,
    "Outlier": 2958,
    "": "Bukan Outlier",
    "__1": "",
    "__2": "",
    "__3": "",
    "__4": "",
    "__5": "",
    "__6": ""
  },
  {
    "Date": "1/16/2014",
    "Day": 16,
    "Month": "January",
    "Year": 2014,
    "Customer_Age": 50,
    "Age_Group": "Adults (35-64)",
    "Customer_Gender": "F",
    "Country": "Australia",
    "State": "New South Wales",
    "Product_Category": "Bikes",
    "Sub_Category": "Mountain Bikes",
    "Product": "Mountain-100 Silver",
    "Order_Quantity": 48,
    "Unit_Cost": 1,
    "Unit_Price": 1912,
    "Profit": 3400,
    "Cost": 1046,
    "Revenue": 1912,
    "Outlier": 2958,
    "": "Bukan Outlier",
    "__1": "",
    "__2": "",
    "__3": "",
    "__4": "",
    "__5": "",
    "__6": ""
  },
  {
    "Date": "1/16/2016",
    "Day": 16,
    "Month": "January",
    "Year": 2016,
    "Customer_Age": 50,
    "Age_Group": "Adults (35-64)",
    "Customer_Gender": "F",
    "Country": "Australia",
    "State": "New South Wales",
    "Product_Category": "Bikes",
    "Sub_Category": "Mountain Bikes",
    "Product": "Mountain-100 Silver",
    "Order_Quantity": 48,
    "Unit_Cost": 1,
    "Unit_Price": 1912,
    "Profit": 3400,
    "Cost": 1046,
    "Revenue": 1912,
    "Outlier": 2958,
    "": "Bukan Outlier",
    "__1": "",
    "__2": "",
    "__3": "",
    "__4": "",
    "__5": "",
    "__6": ""
  },
  {
    "Date": "2/7/2014",
    "Day": 7,
    "Month": "February",
    "Year": 2014,
    "Customer_Age": 50,
    "Age_Group": "Adults (35-64)",
    "Customer_Gender": "F",
    "Country": "Australia",
    "State": "New South Wales",
    "Product_Category": "Bikes",
    "Sub_Category": "Mountain Bikes",
    "Product": "Mountain-100 Silver",
    "Order_Quantity": 48,
    "Unit_Cost": 1,
    "Unit_Price": 1912,
    "Profit": 3400,
    "Cost": 1046,
    "Revenue": 1912,
    "Outlier": 2958,
    "": "Bukan Outlier",
    "__1": "",
    "__2": "",
    "__3": "",
    "__4": "",
    "__5": "",
    "__6": ""
  },
  {
    "Date": "2/7/2016",
    "Day": 7,
    "Month": "February",
    "Year": 2016,
    "Customer_Age": 50,
    "Age_Group": "Adults (35-64)",
    "Customer_Gender": "F",
    "Country": "Australia",
    "State": "New South Wales",
    "Product_Category": "Bikes",
    "Sub_Category": "Mountain Bikes",
    "Product": "Mountain-100 Silver",
    "Order_Quantity": 48,
    "Unit_Cost": 1,
    "Unit_Price": 1912,
    "Profit": 3400,
    "Cost": 1046,
    "Revenue": 1912,
    "Outlier": 2958,
    "": "Bukan Outlier",
    "__1": "",
    "__2": "",
    "__3": "",
    "__4": "",
    "__5": "",
    "__6": ""
  },
  {
    "Date": "6/4/2014",
    "Day": 4,
    "Month": "June",
    "Year": 2014,
    "Customer_Age": 50,
    "Age_Group": "Adults (35-64)",
    "Customer_Gender": "F",
    "Country": "Australia",
    "State": "New South Wales",
    "Product_Category": "Bikes",
    "Sub_Category": "Mountain Bikes",
    "Product": "Mountain-100 Silver",
    "Order_Quantity": 48,
    "Unit_Cost": 1,
    "Unit_Price": 1912,
    "Profit": 3400,
    "Cost": 1046,
    "Revenue": 1912,
    "Outlier": 2958,
    "": "Bukan Outlier",
    "__1": "",
    "__2": "",
    "__3": "",
    "__4": "",
    "__5": "",
    "__6": ""
  },
  {
    "Date": "6/4/2016",
    "Day": 4,
    "Month": "June",
    "Year": 2016,
    "Customer_Age": 50,
    "Age_Group": "Adults (35-64)",
    "Customer_Gender": "F",
    "Country": "Australia",
    "State": "New South Wales",
    "Product_Category": "Bikes",
    "Sub_Category": "Mountain Bikes",
    "Product": "Mountain-100 Silver",
    "Order_Quantity": 48,
    "Unit_Cost": 3,
    "Unit_Price": 1912,
    "Profit": 3400,
    "Cost": 3138,
    "Revenue": 5736,
    "Outlier": 8874,
    "": "Outlier",
    "__1": "",
    "__2": "",
    "__3": "",
    "__4": "",
    "__5": "",
    "__6": ""
  },
  {
    "Date": "2/12/2014",
    "Day": 12,
    "Month": "February",
    "Year": 2014,
    "Customer_Age": 50,
    "Age_Group": "Adults (35-64)",
    "Customer_Gender": "F",
    "Country": "Australia",
    "State": "Victoria",
    "Product_Category": "Bikes",
    "Sub_Category": "Mountain Bikes",
    "Product": "Mountain-100 Black",
    "Order_Quantity": 38,
    "Unit_Cost": 1,
    "Unit_Price": 1898,
    "Profit": 3375,
    "Cost": 768,
    "Revenue": 1898,
    "Outlier": 2666,
    "": "Bukan Outlier",
    "__1": "",
    "__2": "",
    "__3": "",
    "__4": "",
    "__5": "",
    "__6": ""
  },
  {
    "Date": "2/12/2016",
    "Day": 12,
    "Month": "February",
    "Year": 2016,
    "Customer_Age": 50,
    "Age_Group": "Adults (35-64)",
    "Customer_Gender": "F",
    "Country": "Australia",
    "State": "Victoria",
    "Product_Category": "Bikes",
    "Sub_Category": "Mountain Bikes",
    "Product": "Mountain-100 Black",
    "Order_Quantity": 38,
    "Unit_Cost": 1,
    "Unit_Price": 1898,
    "Profit": 3375,
    "Cost": 768,
    "Revenue": 1898,
    "Outlier": 2666,
    "": "Bukan Outlier",
    "__1": "",
    "__2": "",
    "__3": "",
    "__4": "",
    "__5": "",
    "__6": ""
  },
  {
    "Date": "3/13/2014",
    "Day": 13,
    "Month": "March",
    "Year": 2014,
    "Customer_Age": 49,
    "Age_Group": "Adults (35-64)",
    "Customer_Gender": "F",
    "Country": "Australia",
    "State": "Victoria",
    "Product_Category": "Bikes",
    "Sub_Category": "Mountain Bikes",
    "Product": "Mountain-100 Black",
    "Order_Quantity": 38,
    "Unit_Cost": 1,
    "Unit_Price": 1898,
    "Profit": 3375,
    "Cost": 768,
    "Revenue": 1898,
    "Outlier": 2666,
    "": "Bukan Outlier",
    "__1": "",
    "__2": "",
    "__3": "",
    "__4": "",
    "__5": "",
    "__6": ""
  },
  {
    "Date": "3/13/2016",
    "Day": 13,
    "Month": "March",
    "Year": 2016,
    "Customer_Age": 49,
    "Age_Group": "Adults (35-64)",
    "Customer_Gender": "F",
    "Country": "Australia",
    "State": "Victoria",
    "Product_Category": "Bikes",
    "Sub_Category": "Mountain Bikes",
    "Product": "Mountain-100 Black",
    "Order_Quantity": 38,
    "Unit_Cost": 2,
    "Unit_Price": 1898,
    "Profit": 3375,
    "Cost": 1537,
    "Revenue": 3796,
    "Outlier": 5333,
    "": "Bukan Outlier",
    "__1": "",
    "__2": "",
    "__3": "",
    "__4": "",
    "__5": "",
    "__6": ""
  },
  {
    "Date": "7/24/2013",
    "Day": 24,
    "Month": "July",
    "Year": 2013,
    "Customer_Age": 20,
    "Age_Group": "Youth (<25)",
    "Customer_Gender": "F",
    "Country": "Canada",
    "State": "British Columbia",
    "Product_Category": "Bikes",
    "Sub_Category": "Mountain Bikes",
    "Product": "Mountain-200 Silver",
    "Order_Quantity": 46,
    "Unit_Cost": 1,
    "Unit_Price": 1266,
    "Profit": 2320,
    "Cost": 1031,
    "Revenue": 1266,
    "Outlier": 2297,
    "": "Bukan Outlier",
    "__1": "",
    "__2": "",
    "__3": "",
    "__4": "",
    "__5": "",
    "__6": ""
  },
  {
    "Date": "7/24/2015",
    "Day": 24,
    "Month": "July",
    "Year": 2015,
    "Customer_Age": 20,
    "Age_Group": "Youth (<25)",
    "Customer_Gender": "F",
    "Country": "Canada",
    "State": "British Columbia",
    "Product_Category": "Bikes",
    "Sub_Category": "Mountain Bikes",
    "Product": "Mountain-200 Silver",
    "Order_Quantity": 46,
    "Unit_Cost": 2,
    "Unit_Price": 1266,
    "Profit": 2320,
    "Cost": 2062,
    "Revenue": 2532,
    "Outlier": 4594,
    "": "Bukan Outlier",
    "__1": "",
    "__2": "",
    "__3": "",
    "__4": "",
    "__5": "",
    "__6": ""
  },
  {
    "Date": "3/4/2014",
    "Day": 4,
    "Month": "March",
    "Year": 2014,
    "Customer_Age": 49,
    "Age_Group": "Adults (35-64)",
    "Customer_Gender": "F",
    "Country": "Australia",
    "State": "New South Wales",
    "Product_Category": "Bikes",
    "Sub_Category": "Mountain Bikes",
    "Product": "Mountain-100 Black",
    "Order_Quantity": 48,
    "Unit_Cost": 1,
    "Unit_Price": 1898,
    "Profit": 3375,
    "Cost": 1038,
    "Revenue": 1898,
    "Outlier": 2936,
    "": "Bukan Outlier",
    "__1": "",
    "__2": "",
    "__3": "",
    "__4": "",
    "__5": "",
    "__6": ""
  },
  {
    "Date": "3/4/2016",
    "Day": 4,
    "Month": "March",
    "Year": 2016,
    "Customer_Age": 49,
    "Age_Group": "Adults (35-64)",
    "Customer_Gender": "F",
    "Country": "Australia",
    "State": "New South Wales",
    "Product_Category": "Bikes",
    "Sub_Category": "Mountain Bikes",
    "Product": "Mountain-100 Black",
    "Order_Quantity": 48,
    "Unit_Cost": 1,
    "Unit_Price": 1898,
    "Profit": 3375,
    "Cost": 1038,
    "Revenue": 1898,
    "Outlier": 2936,
    "": "Bukan Outlier",
    "__1": "",
    "__2": "",
    "__3": "",
    "__4": "",
    "__5": "",
    "__6": ""
  },
  {
    "Date": "3/23/2014",
    "Day": 23,
    "Month": "March",
    "Year": 2014,
    "Customer_Age": 49,
    "Age_Group": "Adults (35-64)",
    "Customer_Gender": "M",
    "Country": "Australia",
    "State": "New South Wales",
    "Product_Category": "Bikes",
    "Sub_Category": "Mountain Bikes",
    "Product": "Mountain-100 Silver",
    "Order_Quantity": 48,
    "Unit_Cost": 1,
    "Unit_Price": 1912,
    "Profit": 3400,
    "Cost": 1046,
    "Revenue": 1912,
    "Outlier": 2958,
    "": "Bukan Outlier",
    "__1": "",
    "__2": "",
    "__3": "",
    "__4": "",
    "__5": "",
    "__6": ""
  },
  {
    "Date": "3/23/2016",
    "Day": 23,
    "Month": "March",
    "Year": 2016,
    "Customer_Age": 49,
    "Age_Group": "Adults (35-64)",
    "Customer_Gender": "M",
    "Country": "Australia",
    "State": "New South Wales",
    "Product_Category": "Bikes",
    "Sub_Category": "Mountain Bikes",
    "Product": "Mountain-100 Silver",
    "Order_Quantity": 48,
    "Unit_Cost": 1,
    "Unit_Price": 1912,
    "Profit": 3400,
    "Cost": 1046,
    "Revenue": 1912,
    "Outlier": 2958,
    "": "Bukan Outlier",
    "__1": "",
    "__2": "",
    "__3": "",
    "__4": "",
    "__5": "",
    "__6": ""
  },
  {
    "Date": "7/18/2013",
    "Day": 18,
    "Month": "July",
    "Year": 2013,
    "Customer_Age": 20,
    "Age_Group": "Youth (<25)",
    "Customer_Gender": "F",
    "Country": "United States",
    "State": "California",
    "Product_Category": "Bikes",
    "Sub_Category": "Mountain Bikes",
    "Product": "Mountain-200 Black",
    "Order_Quantity": 38,
    "Unit_Cost": 1,
    "Unit_Price": 1252,
    "Profit": 2295,
    "Cost": 997,
    "Revenue": 1252,
    "Outlier": 2249,
    "": "Bukan Outlier",
    "__1": "",
    "__2": "",
    "__3": "",
    "__4": "",
    "__5": "",
    "__6": ""
  },
  {
    "Date": "7/18/2015",
    "Day": 18,
    "Month": "July",
    "Year": 2015,
    "Customer_Age": 20,
    "Age_Group": "Youth (<25)",
    "Customer_Gender": "F",
    "Country": "United States",
    "State": "California",
    "Product_Category": "Bikes",
    "Sub_Category": "Mountain Bikes",
    "Product": "Mountain-200 Black",
    "Order_Quantity": 38,
    "Unit_Cost": 1,
    "Unit_Price": 1252,
    "Profit": 2295,
    "Cost": 997,
    "Revenue": 1252,
    "Outlier": 2249,
    "": "Bukan Outlier",
    "__1": "",
    "__2": "",
    "__3": "",
    "__4": "",
    "__5": "",
    "__6": ""
  },
  {
    "Date": "7/25/2013",
    "Day": 25,
    "Month": "July",
    "Year": 2013,
    "Customer_Age": 20,
    "Age_Group": "Youth (<25)",
    "Customer_Gender": "F",
    "Country": "United States",
    "State": "California",
    "Product_Category": "Bikes",
    "Sub_Category": "Mountain Bikes",
    "Product": "Mountain-200 Black",
    "Order_Quantity": 38,
    "Unit_Cost": 1,
    "Unit_Price": 1252,
    "Profit": 2295,
    "Cost": 997,
    "Revenue": 1252,
    "Outlier": 2249,
    "": "Bukan Outlier",
    "__1": "",
    "__2": "",
    "__3": "",
    "__4": "",
    "__5": "",
    "__6": ""
  },
  {
    "Date": "7/25/2015",
    "Day": 25,
    "Month": "July",
    "Year": 2015,
    "Customer_Age": 20,
    "Age_Group": "Youth (<25)",
    "Customer_Gender": "F",
    "Country": "United States",
    "State": "California",
    "Product_Category": "Bikes",
    "Sub_Category": "Mountain Bikes",
    "Product": "Mountain-200 Black",
    "Order_Quantity": 38,
    "Unit_Cost": 1,
    "Unit_Price": 1252,
    "Profit": 2295,
    "Cost": 997,
    "Revenue": 1252,
    "Outlier": 2249,
    "": "Bukan Outlier",
    "__1": "",
    "__2": "",
    "__3": "",
    "__4": "",
    "__5": "",
    "__6": ""
  },
  {
    "Date": "12/4/2013",
    "Day": 4,
    "Month": "December",
    "Year": 2013,
    "Customer_Age": 20,
    "Age_Group": "Youth (<25)",
    "Customer_Gender": "F",
    "Country": "United States",
    "State": "California",
    "Product_Category": "Bikes",
    "Sub_Category": "Mountain Bikes",
    "Product": "Mountain-200 Black",
    "Order_Quantity": 38,
    "Unit_Cost": 1,
    "Unit_Price": 1252,
    "Profit": 2295,
    "Cost": 997,
    "Revenue": 1252,
    "Outlier": 2249,
    "": "Bukan Outlier",
    "__1": "",
    "__2": "",
    "__3": "",
    "__4": "",
    "__5": "",
    "__6": ""
  },
  {
    "Date": "12/4/2015",
    "Day": 4,
    "Month": "December",
    "Year": 2015,
    "Customer_Age": 20,
    "Age_Group": "Youth (<25)",
    "Customer_Gender": "F",
    "Country": "United States",
    "State": "California",
    "Product_Category": "Bikes",
    "Sub_Category": "Mountain Bikes",
    "Product": "Mountain-200 Black",
    "Order_Quantity": 38,
    "Unit_Cost": 1,
    "Unit_Price": 1252,
    "Profit": 2295,
    "Cost": 997,
    "Revenue": 1252,
    "Outlier": 2249,
    "": "Bukan Outlier",
    "__1": "",
    "__2": "",
    "__3": "",
    "__4": "",
    "__5": "",
    "__6": ""
  },
  {
    "Date": "5/7/2014",
    "Day": 7,
    "Month": "May",
    "Year": 2014,
    "Customer_Age": 48,
    "Age_Group": "Adults (35-64)",
    "Customer_Gender": "M",
    "Country": "Australia",
    "State": "Queensland",
    "Product_Category": "Bikes",
    "Sub_Category": "Mountain Bikes",
    "Product": "Mountain-100 Black",
    "Order_Quantity": 48,
    "Unit_Cost": 1,
    "Unit_Price": 1898,
    "Profit": 3375,
    "Cost": 937,
    "Revenue": 1898,
    "Outlier": 2835,
    "": "Bukan Outlier",
    "__1": "",
    "__2": "",
    "__3": "",
    "__4": "",
    "__5": "",
    "__6": ""
  },
  {
    "Date": "5/7/2016",
    "Day": 7,
    "Month": "May",
    "Year": 2016,
    "Customer_Age": 48,
    "Age_Group": "Adults (35-64)",
    "Customer_Gender": "M",
    "Country": "Australia",
    "State": "Queensland",
    "Product_Category": "Bikes",
    "Sub_Category": "Mountain Bikes",
    "Product": "Mountain-100 Black",
    "Order_Quantity": 48,
    "Unit_Cost": 1,
    "Unit_Price": 1898,
    "Profit": 3375,
    "Cost": 937,
    "Revenue": 1898,
    "Outlier": 2835,
    "": "Bukan Outlier",
    "__1": "",
    "__2": "",
    "__3": "",
    "__4": "",
    "__5": "",
    "__6": ""
  },
  {
    "Date": "5/22/2014",
    "Day": 22,
    "Month": "May",
    "Year": 2014,
    "Customer_Age": 47,
    "Age_Group": "Adults (35-64)",
    "Customer_Gender": "F",
    "Country": "Australia",
    "State": "Victoria",
    "Product_Category": "Bikes",
    "Sub_Category": "Mountain Bikes",
    "Product": "Mountain-100 Silver",
    "Order_Quantity": 42,
    "Unit_Cost": 1,
    "Unit_Price": 1912,
    "Profit": 3400,
    "Cost": 774,
    "Revenue": 1912,
    "Outlier": 2686,
    "": "Bukan Outlier",
    "__1": "",
    "__2": "",
    "__3": "",
    "__4": "",
    "__5": "",
    "__6": ""
  },
  {
    "Date": "5/22/2016",
    "Day": 22,
    "Month": "May",
    "Year": 2016,
    "Customer_Age": 47,
    "Age_Group": "Adults (35-64)",
    "Customer_Gender": "F",
    "Country": "Australia",
    "State": "Victoria",
    "Product_Category": "Bikes",
    "Sub_Category": "Mountain Bikes",
    "Product": "Mountain-100 Silver",
    "Order_Quantity": 42,
    "Unit_Cost": 1,
    "Unit_Price": 1912,
    "Profit": 3400,
    "Cost": 774,
    "Revenue": 1912,
    "Outlier": 2686,
    "": "Bukan Outlier",
    "__1": "",
    "__2": "",
    "__3": "",
    "__4": "",
    "__5": "",
    "__6": ""
  },
  {
    "Date": "9/17/2013",
    "Day": 17,
    "Month": "September",
    "Year": 2013,
    "Customer_Age": 46,
    "Age_Group": "Adults (35-64)",
    "Customer_Gender": "M",
    "Country": "Australia",
    "State": "Tasmania",
    "Product_Category": "Bikes",
    "Sub_Category": "Mountain Bikes",
    "Product": "Mountain-100 Black",
    "Order_Quantity": 44,
    "Unit_Cost": 1,
    "Unit_Price": 1898,
    "Profit": 3375,
    "Cost": 836,
    "Revenue": 1898,
    "Outlier": 2734,
    "": "Bukan Outlier",
    "__1": "",
    "__2": "",
    "__3": "",
    "__4": "",
    "__5": "",
    "__6": ""
  },
  {
    "Date": "9/17/2015",
    "Day": 17,
    "Month": "September",
    "Year": 2015,
    "Customer_Age": 46,
    "Age_Group": "Adults (35-64)",
    "Customer_Gender": "M",
    "Country": "Australia",
    "State": "Tasmania",
    "Product_Category": "Bikes",
    "Sub_Category": "Mountain Bikes",
    "Product": "Mountain-100 Black",
    "Order_Quantity": 44,
    "Unit_Cost": 1,
    "Unit_Price": 1898,
    "Profit": 3375,
    "Cost": 836,
    "Revenue": 1898,
    "Outlier": 2734,
    "": "Bukan Outlier",
    "__1": "",
    "__2": "",
    "__3": "",
    "__4": "",
    "__5": "",
    "__6": ""
  },
  {
    "Date": "7/11/2013",
    "Day": 11,
    "Month": "July",
    "Year": 2013,
    "Customer_Age": 45,
    "Age_Group": "Adults (35-64)",
    "Customer_Gender": "F",
    "Country": "Australia",
    "State": "Victoria",
    "Product_Category": "Bikes",
    "Sub_Category": "Mountain Bikes",
    "Product": "Mountain-100 Silver",
    "Order_Quantity": 38,
    "Unit_Cost": 1,
    "Unit_Price": 1912,
    "Profit": 3400,
    "Cost": 774,
    "Revenue": 1912,
    "Outlier": 2686,
    "": "Bukan Outlier",
    "__1": "",
    "__2": "",
    "__3": "",
    "__4": "",
    "__5": "",
    "__6": ""
  },
  {
    "Date": "7/11/2015",
    "Day": 11,
    "Month": "July",
    "Year": 2015,
    "Customer_Age": 45,
    "Age_Group": "Adults (35-64)",
    "Customer_Gender": "F",
    "Country": "Australia",
    "State": "Victoria",
    "Product_Category": "Bikes",
    "Sub_Category": "Mountain Bikes",
    "Product": "Mountain-100 Silver",
    "Order_Quantity": 38,
    "Unit_Cost": 3,
    "Unit_Price": 1912,
    "Profit": 3400,
    "Cost": 2322,
    "Revenue": 5736,
    "Outlier": 8058,
    "": "Outlier",
    "__1": "",
    "__2": "",
    "__3": "",
    "__4": "",
    "__5": "",
    "__6": ""
  },
  {
    "Date": "8/8/2013",
    "Day": 8,
    "Month": "August",
    "Year": 2013,
    "Customer_Age": 45,
    "Age_Group": "Adults (35-64)",
    "Customer_Gender": "M",
    "Country": "Australia",
    "State": "Queensland",
    "Product_Category": "Bikes",
    "Sub_Category": "Mountain Bikes",
    "Product": "Mountain-100 Black",
    "Order_Quantity": 48,
    "Unit_Cost": 1,
    "Unit_Price": 1898,
    "Profit": 3375,
    "Cost": 937,
    "Revenue": 1898,
    "Outlier": 2835,
    "": "Bukan Outlier",
    "__1": "",
    "__2": "",
    "__3": "",
    "__4": "",
    "__5": "",
    "__6": ""
  },
  {
    "Date": "8/8/2015",
    "Day": 8,
    "Month": "August",
    "Year": 2015,
    "Customer_Age": 45,
    "Age_Group": "Adults (35-64)",
    "Customer_Gender": "M",
    "Country": "Australia",
    "State": "Queensland",
    "Product_Category": "Bikes",
    "Sub_Category": "Mountain Bikes",
    "Product": "Mountain-100 Black",
    "Order_Quantity": 48,
    "Unit_Cost": 1,
    "Unit_Price": 1898,
    "Profit": 3375,
    "Cost": 937,
    "Revenue": 1898,
    "Outlier": 2835,
    "": "Bukan Outlier",
    "__1": "",
    "__2": "",
    "__3": "",
    "__4": "",
    "__5": "",
    "__6": ""
  },
  {
    "Date": "3/13/2013",
    "Day": 13,
    "Month": "March",
    "Year": 2013,
    "Customer_Age": 44,
    "Age_Group": "Adults (35-64)",
    "Customer_Gender": "F",
    "Country": "Australia",
    "State": "New South Wales",
    "Product_Category": "Bikes",
    "Sub_Category": "Mountain Bikes",
    "Product": "Mountain-100 Black",
    "Order_Quantity": 44,
    "Unit_Cost": 1,
    "Unit_Price": 1898,
    "Profit": 3375,
    "Cost": 1038,
    "Revenue": 1898,
    "Outlier": 2936,
    "": "Bukan Outlier",
    "__1": "",
    "__2": "",
    "__3": "",
    "__4": "",
    "__5": "",
    "__6": ""
  },
  {
    "Date": "3/13/2015",
    "Day": 13,
    "Month": "March",
    "Year": 2015,
    "Customer_Age": 44,
    "Age_Group": "Adults (35-64)",
    "Customer_Gender": "F",
    "Country": "Australia",
    "State": "New South Wales",
    "Product_Category": "Bikes",
    "Sub_Category": "Mountain Bikes",
    "Product": "Mountain-100 Black",
    "Order_Quantity": 44,
    "Unit_Cost": 1,
    "Unit_Price": 1898,
    "Profit": 3375,
    "Cost": 1038,
    "Revenue": 1898,
    "Outlier": 2936,
    "": "Bukan Outlier",
    "__1": "",
    "__2": "",
    "__3": "",
    "__4": "",
    "__5": "",
    "__6": ""
  },
  {
    "Date": "8/7/2013",
    "Day": 7,
    "Month": "August",
    "Year": 2013,
    "Customer_Age": 44,
    "Age_Group": "Adults (35-64)",
    "Customer_Gender": "F",
    "Country": "Australia",
    "State": "New South Wales",
    "Product_Category": "Bikes",
    "Sub_Category": "Mountain Bikes",
    "Product": "Mountain-100 Black",
    "Order_Quantity": 44,
    "Unit_Cost": 1,
    "Unit_Price": 1898,
    "Profit": 3375,
    "Cost": 1038,
    "Revenue": 1898,
    "Outlier": 2936,
    "": "Bukan Outlier",
    "__1": "",
    "__2": "",
    "__3": "",
    "__4": "",
    "__5": "",
    "__6": ""
  },
  {
    "Date": "8/7/2015",
    "Day": 7,
    "Month": "August",
    "Year": 2015,
    "Customer_Age": 44,
    "Age_Group": "Adults (35-64)",
    "Customer_Gender": "F",
    "Country": "Australia",
    "State": "New South Wales",
    "Product_Category": "Bikes",
    "Sub_Category": "Mountain Bikes",
    "Product": "Mountain-100 Black",
    "Order_Quantity": 44,
    "Unit_Cost": 1,
    "Unit_Price": 1898,
    "Profit": 3375,
    "Cost": 1038,
    "Revenue": 1898,
    "Outlier": 2936,
    "": "Bukan Outlier",
    "__1": "",
    "__2": "",
    "__3": "",
    "__4": "",
    "__5": "",
    "__6": ""
  },
  {
    "Date": "3/2/2014",
    "Day": 2,
    "Month": "March",
    "Year": 2014,
    "Customer_Age": 44,
    "Age_Group": "Adults (35-64)",
    "Customer_Gender": "F",
    "Country": "Australia",
    "State": "New South Wales",
    "Product_Category": "Bikes",
    "Sub_Category": "Mountain Bikes",
    "Product": "Mountain-100 Black",
    "Order_Quantity": 44,
    "Unit_Cost": 1,
    "Unit_Price": 1898,
    "Profit": 3375,
    "Cost": 1038,
    "Revenue": 1898,
    "Outlier": 2936,
    "": "Bukan Outlier",
    "__1": "",
    "__2": "",
    "__3": "",
    "__4": "",
    "__5": "",
    "__6": ""
  },
  {
    "Date": "3/2/2016",
    "Day": 2,
    "Month": "March",
    "Year": 2016,
    "Customer_Age": 44,
    "Age_Group": "Adults (35-64)",
    "Customer_Gender": "F",
    "Country": "Australia",
    "State": "New South Wales",
    "Product_Category": "Bikes",
    "Sub_Category": "Mountain Bikes",
    "Product": "Mountain-100 Black",
    "Order_Quantity": 44,
    "Unit_Cost": 3,
    "Unit_Price": 1898,
    "Profit": 3375,
    "Cost": 3115,
    "Revenue": 5694,
    "Outlier": 8809,
    "": "Outlier",
    "__1": "",
    "__2": "",
    "__3": "",
    "__4": "",
    "__5": "",
    "__6": ""
  },
  {
    "Date": "7/8/2013",
    "Day": 8,
    "Month": "July",
    "Year": 2013,
    "Customer_Age": 43,
    "Age_Group": "Adults (35-64)",
    "Customer_Gender": "M",
    "Country": "Australia",
    "State": "South Australia",
    "Product_Category": "Bikes",
    "Sub_Category": "Mountain Bikes",
    "Product": "Mountain-100 Silver",
    "Order_Quantity": 48,
    "Unit_Cost": 1,
    "Unit_Price": 1912,
    "Profit": 3400,
    "Cost": 876,
    "Revenue": 1912,
    "Outlier": 2788,
    "": "Bukan Outlier",
    "__1": "",
    "__2": "",
    "__3": "",
    "__4": "",
    "__5": "",
    "__6": ""
  },
  {
    "Date": "7/8/2015",
    "Day": 8,
    "Month": "July",
    "Year": 2015,
    "Customer_Age": 43,
    "Age_Group": "Adults (35-64)",
    "Customer_Gender": "M",
    "Country": "Australia",
    "State": "South Australia",
    "Product_Category": "Bikes",
    "Sub_Category": "Mountain Bikes",
    "Product": "Mountain-100 Silver",
    "Order_Quantity": 48,
    "Unit_Cost": 1,
    "Unit_Price": 1912,
    "Profit": 3400,
    "Cost": 876,
    "Revenue": 1912,
    "Outlier": 2788,
    "": "Bukan Outlier",
    "__1": "",
    "__2": "",
    "__3": "",
    "__4": "",
    "__5": "",
    "__6": ""
  },
  {
    "Date": "7/4/2013",
    "Day": 4,
    "Month": "July",
    "Year": 2013,
    "Customer_Age": 43,
    "Age_Group": "Adults (35-64)",
    "Customer_Gender": "M",
    "Country": "Australia",
    "State": "Queensland",
    "Product_Category": "Bikes",
    "Sub_Category": "Mountain Bikes",
    "Product": "Mountain-100 Black",
    "Order_Quantity": 38,
    "Unit_Cost": 1,
    "Unit_Price": 1898,
    "Profit": 3375,
    "Cost": 937,
    "Revenue": 1898,
    "Outlier": 2835,
    "": "Bukan Outlier",
    "__1": "",
    "__2": "",
    "__3": "",
    "__4": "",
    "__5": "",
    "__6": ""
  },
  {
    "Date": "7/4/2015",
    "Day": 4,
    "Month": "July",
    "Year": 2015,
    "Customer_Age": 43,
    "Age_Group": "Adults (35-64)",
    "Customer_Gender": "M",
    "Country": "Australia",
    "State": "Queensland",
    "Product_Category": "Bikes",
    "Sub_Category": "Mountain Bikes",
    "Product": "Mountain-100 Black",
    "Order_Quantity": 38,
    "Unit_Cost": 1,
    "Unit_Price": 1898,
    "Profit": 3375,
    "Cost": 937,
    "Revenue": 1898,
    "Outlier": 2835,
    "": "Bukan Outlier",
    "__1": "",
    "__2": "",
    "__3": "",
    "__4": "",
    "__5": "",
    "__6": ""
  },
  {
    "Date": "10/23/2012",
    "Day": 23,
    "Month": "October",
    "Year": 2012,
    "Customer_Age": 42,
    "Age_Group": "Adults (35-64)",
    "Customer_Gender": "M",
    "Country": "Australia",
    "State": "Victoria",
    "Product_Category": "Bikes",
    "Sub_Category": "Mountain Bikes",
    "Product": "Mountain-200 Silver",
    "Order_Quantity": 46,
    "Unit_Cost": 2,
    "Unit_Price": 1266,
    "Profit": 2320,
    "Cost": 1134,
    "Revenue": 2532,
    "Outlier": 3666,
    "": "Bukan Outlier",
    "__1": "",
    "__2": "",
    "__3": "",
    "__4": "",
    "__5": "",
    "__6": ""
  },
  {
    "Date": "10/23/2011",
    "Day": 23,
    "Month": "October",
    "Year": 2011,
    "Customer_Age": 42,
    "Age_Group": "Adults (35-64)",
    "Customer_Gender": "M",
    "Country": "Australia",
    "State": "Victoria",
    "Product_Category": "Bikes",
    "Sub_Category": "Mountain Bikes",
    "Product": "Mountain-200 Silver",
    "Order_Quantity": 46,
    "Unit_Cost": 1,
    "Unit_Price": 1266,
    "Profit": 2320,
    "Cost": 567,
    "Revenue": 1266,
    "Outlier": 1833,
    "": "Bukan Outlier",
    "__1": "",
    "__2": "",
    "__3": "",
    "__4": "",
    "__5": "",
    "__6": ""
  },
  {
    "Date": "2/25/2013",
    "Day": 25,
    "Month": "February",
    "Year": 2013,
    "Customer_Age": 42,
    "Age_Group": "Adults (35-64)",
    "Customer_Gender": "M",
    "Country": "Australia",
    "State": "Victoria",
    "Product_Category": "Bikes",
    "Sub_Category": "Mountain Bikes",
    "Product": "Mountain-100 Silver",
    "Order_Quantity": 44,
    "Unit_Cost": 1,
    "Unit_Price": 1912,
    "Profit": 3400,
    "Cost": 774,
    "Revenue": 1912,
    "Outlier": 2686,
    "": "Bukan Outlier",
    "__1": "",
    "__2": "",
    "__3": "",
    "__4": "",
    "__5": "",
    "__6": ""
  },
  {
    "Date": "2/25/2015",
    "Day": 25,
    "Month": "February",
    "Year": 2015,
    "Customer_Age": 42,
    "Age_Group": "Adults (35-64)",
    "Customer_Gender": "M",
    "Country": "Australia",
    "State": "Victoria",
    "Product_Category": "Bikes",
    "Sub_Category": "Mountain Bikes",
    "Product": "Mountain-100 Silver",
    "Order_Quantity": 44,
    "Unit_Cost": 1,
    "Unit_Price": 1912,
    "Profit": 3400,
    "Cost": 774,
    "Revenue": 1912,
    "Outlier": 2686,
    "": "Bukan Outlier",
    "__1": "",
    "__2": "",
    "__3": "",
    "__4": "",
    "__5": "",
    "__6": ""
  },
  {
    "Date": "4/20/2013",
    "Day": 20,
    "Month": "April",
    "Year": 2013,
    "Customer_Age": 42,
    "Age_Group": "Adults (35-64)",
    "Customer_Gender": "M",
    "Country": "Australia",
    "State": "Victoria",
    "Product_Category": "Bikes",
    "Sub_Category": "Mountain Bikes",
    "Product": "Mountain-100 Silver",
    "Order_Quantity": 44,
    "Unit_Cost": 1,
    "Unit_Price": 1912,
    "Profit": 3400,
    "Cost": 774,
    "Revenue": 1912,
    "Outlier": 2686,
    "": "Bukan Outlier",
    "__1": "",
    "__2": "",
    "__3": "",
    "__4": "",
    "__5": "",
    "__6": ""
  },
  {
    "Date": "4/20/2015",
    "Day": 20,
    "Month": "April",
    "Year": 2015,
    "Customer_Age": 42,
    "Age_Group": "Adults (35-64)",
    "Customer_Gender": "M",
    "Country": "Australia",
    "State": "Victoria",
    "Product_Category": "Bikes",
    "Sub_Category": "Mountain Bikes",
    "Product": "Mountain-100 Silver",
    "Order_Quantity": 44,
    "Unit_Cost": 1,
    "Unit_Price": 1912,
    "Profit": 3400,
    "Cost": 774,
    "Revenue": 1912,
    "Outlier": 2686,
    "": "Bukan Outlier",
    "__1": "",
    "__2": "",
    "__3": "",
    "__4": "",
    "__5": "",
    "__6": ""
  },
  {
    "Date": "7/13/2013",
    "Day": 13,
    "Month": "July",
    "Year": 2013,
    "Customer_Age": 42,
    "Age_Group": "Adults (35-64)",
    "Customer_Gender": "M",
    "Country": "Australia",
    "State": "Victoria",
    "Product_Category": "Bikes",
    "Sub_Category": "Mountain Bikes",
    "Product": "Mountain-100 Silver",
    "Order_Quantity": 44,
    "Unit_Cost": 1,
    "Unit_Price": 1912,
    "Profit": 3400,
    "Cost": 774,
    "Revenue": 1912,
    "Outlier": 2686,
    "": "Bukan Outlier",
    "__1": "",
    "__2": "",
    "__3": "",
    "__4": "",
    "__5": "",
    "__6": ""
  },
  {
    "Date": "7/13/2015",
    "Day": 13,
    "Month": "July",
    "Year": 2015,
    "Customer_Age": 42,
    "Age_Group": "Adults (35-64)",
    "Customer_Gender": "M",
    "Country": "Australia",
    "State": "Victoria",
    "Product_Category": "Bikes",
    "Sub_Category": "Mountain Bikes",
    "Product": "Mountain-100 Silver",
    "Order_Quantity": 44,
    "Unit_Cost": 3,
    "Unit_Price": 1912,
    "Profit": 3400,
    "Cost": 2322,
    "Revenue": 5736,
    "Outlier": 8058,
    "": "Outlier",
    "__1": "",
    "__2": "",
    "__3": "",
    "__4": "",
    "__5": "",
    "__6": ""
  },
  {
    "Date": "11/8/2013",
    "Day": 8,
    "Month": "November",
    "Year": 2013,
    "Customer_Age": 42,
    "Age_Group": "Adults (35-64)",
    "Customer_Gender": "M",
    "Country": "Australia",
    "State": "Victoria",
    "Product_Category": "Bikes",
    "Sub_Category": "Mountain Bikes",
    "Product": "Mountain-100 Silver",
    "Order_Quantity": 44,
    "Unit_Cost": 1,
    "Unit_Price": 1912,
    "Profit": 3400,
    "Cost": 774,
    "Revenue": 1912,
    "Outlier": 2686,
    "": "Bukan Outlier",
    "__1": "",
    "__2": "",
    "__3": "",
    "__4": "",
    "__5": "",
    "__6": ""
  },
  {
    "Date": "11/8/2015",
    "Day": 8,
    "Month": "November",
    "Year": 2015,
    "Customer_Age": 42,
    "Age_Group": "Adults (35-64)",
    "Customer_Gender": "M",
    "Country": "Australia",
    "State": "Victoria",
    "Product_Category": "Bikes",
    "Sub_Category": "Mountain Bikes",
    "Product": "Mountain-100 Silver",
    "Order_Quantity": 44,
    "Unit_Cost": 1,
    "Unit_Price": 1912,
    "Profit": 3400,
    "Cost": 774,
    "Revenue": 1912,
    "Outlier": 2686,
    "": "Bukan Outlier",
    "__1": "",
    "__2": "",
    "__3": "",
    "__4": "",
    "__5": "",
    "__6": ""
  },
  {
    "Date": "2/7/2014",
    "Day": 7,
    "Month": "February",
    "Year": 2014,
    "Customer_Age": 42,
    "Age_Group": "Adults (35-64)",
    "Customer_Gender": "M",
    "Country": "Australia",
    "State": "Victoria",
    "Product_Category": "Bikes",
    "Sub_Category": "Mountain Bikes",
    "Product": "Mountain-100 Silver",
    "Order_Quantity": 44,
    "Unit_Cost": 1,
    "Unit_Price": 1912,
    "Profit": 3400,
    "Cost": 774,
    "Revenue": 1912,
    "Outlier": 2686,
    "": "Bukan Outlier",
    "__1": "",
    "__2": "",
    "__3": "",
    "__4": "",
    "__5": "",
    "__6": ""
  },
  {
    "Date": "2/7/2016",
    "Day": 7,
    "Month": "February",
    "Year": 2016,
    "Customer_Age": 42,
    "Age_Group": "Adults (35-64)",
    "Customer_Gender": "M",
    "Country": "Australia",
    "State": "Victoria",
    "Product_Category": "Bikes",
    "Sub_Category": "Mountain Bikes",
    "Product": "Mountain-100 Silver",
    "Order_Quantity": 44,
    "Unit_Cost": 1,
    "Unit_Price": 1912,
    "Profit": 3400,
    "Cost": 774,
    "Revenue": 1912,
    "Outlier": 2686,
    "": "Bukan Outlier",
    "__1": "",
    "__2": "",
    "__3": "",
    "__4": "",
    "__5": "",
    "__6": ""
  },
  {
    "Date": "4/15/2014",
    "Day": 15,
    "Month": "April",
    "Year": 2014,
    "Customer_Age": 42,
    "Age_Group": "Adults (35-64)",
    "Customer_Gender": "M",
    "Country": "Australia",
    "State": "Victoria",
    "Product_Category": "Bikes",
    "Sub_Category": "Mountain Bikes",
    "Product": "Mountain-100 Silver",
    "Order_Quantity": 44,
    "Unit_Cost": 1,
    "Unit_Price": 1912,
    "Profit": 3400,
    "Cost": 774,
    "Revenue": 1912,
    "Outlier": 2686,
    "": "Bukan Outlier",
    "__1": "",
    "__2": "",
    "__3": "",
    "__4": "",
    "__5": "",
    "__6": ""
  },
  {
    "Date": "4/15/2016",
    "Day": 15,
    "Month": "April",
    "Year": 2016,
    "Customer_Age": 42,
    "Age_Group": "Adults (35-64)",
    "Customer_Gender": "M",
    "Country": "Australia",
    "State": "Victoria",
    "Product_Category": "Bikes",
    "Sub_Category": "Mountain Bikes",
    "Product": "Mountain-100 Silver",
    "Order_Quantity": 44,
    "Unit_Cost": 2,
    "Unit_Price": 1912,
    "Profit": 3400,
    "Cost": 1548,
    "Revenue": 3824,
    "Outlier": 5372,
    "": "Bukan Outlier",
    "__1": "",
    "__2": "",
    "__3": "",
    "__4": "",
    "__5": "",
    "__6": ""
  },
  {
    "Date": "6/20/2014",
    "Day": 20,
    "Month": "June",
    "Year": 2014,
    "Customer_Age": 42,
    "Age_Group": "Adults (35-64)",
    "Customer_Gender": "M",
    "Country": "Australia",
    "State": "Victoria",
    "Product_Category": "Bikes",
    "Sub_Category": "Mountain Bikes",
    "Product": "Mountain-100 Silver",
    "Order_Quantity": 44,
    "Unit_Cost": 1,
    "Unit_Price": 1912,
    "Profit": 3400,
    "Cost": 774,
    "Revenue": 1912,
    "Outlier": 2686,
    "": "Bukan Outlier",
    "__1": "",
    "__2": "",
    "__3": "",
    "__4": "",
    "__5": "",
    "__6": ""
  },
  {
    "Date": "6/20/2016",
    "Day": 20,
    "Month": "June",
    "Year": 2016,
    "Customer_Age": 42,
    "Age_Group": "Adults (35-64)",
    "Customer_Gender": "M",
    "Country": "Australia",
    "State": "Victoria",
    "Product_Category": "Bikes",
    "Sub_Category": "Mountain Bikes",
    "Product": "Mountain-100 Silver",
    "Order_Quantity": 44,
    "Unit_Cost": 1,
    "Unit_Price": 1912,
    "Profit": 3400,
    "Cost": 774,
    "Revenue": 1912,
    "Outlier": 2686,
    "": "Bukan Outlier",
    "__1": "",
    "__2": "",
    "__3": "",
    "__4": "",
    "__5": "",
    "__6": ""
  },
  {
    "Date": "7/17/2013",
    "Day": 17,
    "Month": "July",
    "Year": 2013,
    "Customer_Age": 38,
    "Age_Group": "Adults (35-64)",
    "Customer_Gender": "M",
    "Country": "Australia",
    "State": "South Australia",
    "Product_Category": "Bikes",
    "Sub_Category": "Mountain Bikes",
    "Product": "Mountain-100 Black",
    "Order_Quantity": 48,
    "Unit_Cost": 1,
    "Unit_Price": 1898,
    "Profit": 3375,
    "Cost": 870,
    "Revenue": 1898,
    "Outlier": 2768,
    "": "Bukan Outlier",
    "__1": "",
    "__2": "",
    "__3": "",
    "__4": "",
    "__5": "",
    "__6": ""
  },
  {
    "Date": "7/17/2015",
    "Day": 17,
    "Month": "July",
    "Year": 2015,
    "Customer_Age": 38,
    "Age_Group": "Adults (35-64)",
    "Customer_Gender": "M",
    "Country": "Australia",
    "State": "South Australia",
    "Product_Category": "Bikes",
    "Sub_Category": "Mountain Bikes",
    "Product": "Mountain-100 Black",
    "Order_Quantity": 48,
    "Unit_Cost": 1,
    "Unit_Price": 1898,
    "Profit": 3375,
    "Cost": 870,
    "Revenue": 1898,
    "Outlier": 2768,
    "": "Bukan Outlier",
    "__1": "",
    "__2": "",
    "__3": "",
    "__4": "",
    "__5": "",
    "__6": ""
  },
  {
    "Date": "7/8/2013",
    "Day": 8,
    "Month": "July",
    "Year": 2013,
    "Customer_Age": 40,
    "Age_Group": "Adults (35-64)",
    "Customer_Gender": "M",
    "Country": "United States",
    "State": "Oregon",
    "Product_Category": "Bikes",
    "Sub_Category": "Mountain Bikes",
    "Product": "Mountain-200 Silver",
    "Order_Quantity": 38,
    "Unit_Cost": 1,
    "Unit_Price": 1266,
    "Profit": 2320,
    "Cost": 729,
    "Revenue": 1266,
    "Outlier": 1995,
    "": "Bukan Outlier",
    "__1": "",
    "__2": "",
    "__3": "",
    "__4": "",
    "__5": "",
    "__6": ""
  },
  {
    "Date": "7/8/2015",
    "Day": 8,
    "Month": "July",
    "Year": 2015,
    "Customer_Age": 40,
    "Age_Group": "Adults (35-64)",
    "Customer_Gender": "M",
    "Country": "United States",
    "State": "Oregon",
    "Product_Category": "Bikes",
    "Sub_Category": "Mountain Bikes",
    "Product": "Mountain-200 Silver",
    "Order_Quantity": 38,
    "Unit_Cost": 1,
    "Unit_Price": 1266,
    "Profit": 2320,
    "Cost": 729,
    "Revenue": 1266,
    "Outlier": 1995,
    "": "Bukan Outlier",
    "__1": "",
    "__2": "",
    "__3": "",
    "__4": "",
    "__5": "",
    "__6": ""
  },
  {
    "Date": "7/13/2013",
    "Day": 13,
    "Month": "July",
    "Year": 2013,
    "Customer_Age": 40,
    "Age_Group": "Adults (35-64)",
    "Customer_Gender": "M",
    "Country": "United States",
    "State": "Oregon",
    "Product_Category": "Bikes",
    "Sub_Category": "Mountain Bikes",
    "Product": "Mountain-200 Silver",
    "Order_Quantity": 38,
    "Unit_Cost": 1,
    "Unit_Price": 1266,
    "Profit": 2320,
    "Cost": 729,
    "Revenue": 1266,
    "Outlier": 1995,
    "": "Bukan Outlier",
    "__1": "",
    "__2": "",
    "__3": "",
    "__4": "",
    "__5": "",
    "__6": ""
  },
  {
    "Date": "7/13/2015",
    "Day": 13,
    "Month": "July",
    "Year": 2015,
    "Customer_Age": 40,
    "Age_Group": "Adults (35-64)",
    "Customer_Gender": "M",
    "Country": "United States",
    "State": "Oregon",
    "Product_Category": "Bikes",
    "Sub_Category": "Mountain Bikes",
    "Product": "Mountain-200 Silver",
    "Order_Quantity": 38,
    "Unit_Cost": 1,
    "Unit_Price": 1266,
    "Profit": 2320,
    "Cost": 729,
    "Revenue": 1266,
    "Outlier": 1995,
    "": "Bukan Outlier",
    "__1": "",
    "__2": "",
    "__3": "",
    "__4": "",
    "__5": "",
    "__6": ""
  },
  {
    "Date": "8/8/2013",
    "Day": 8,
    "Month": "August",
    "Year": 2013,
    "Customer_Age": 40,
    "Age_Group": "Adults (35-64)",
    "Customer_Gender": "M",
    "Country": "United States",
    "State": "Oregon",
    "Product_Category": "Bikes",
    "Sub_Category": "Mountain Bikes",
    "Product": "Mountain-200 Silver",
    "Order_Quantity": 38,
    "Unit_Cost": 1,
    "Unit_Price": 1266,
    "Profit": 2320,
    "Cost": 729,
    "Revenue": 1266,
    "Outlier": 1995,
    "": "Bukan Outlier",
    "__1": "",
    "__2": "",
    "__3": "",
    "__4": "",
    "__5": "",
    "__6": ""
  },
  {
    "Date": "8/8/2015",
    "Day": 8,
    "Month": "August",
    "Year": 2015,
    "Customer_Age": 40,
    "Age_Group": "Adults (35-64)",
    "Customer_Gender": "M",
    "Country": "United States",
    "State": "Oregon",
    "Product_Category": "Bikes",
    "Sub_Category": "Mountain Bikes",
    "Product": "Mountain-200 Silver",
    "Order_Quantity": 38,
    "Unit_Cost": 1,
    "Unit_Price": 1266,
    "Profit": 2320,
    "Cost": 729,
    "Revenue": 1266,
    "Outlier": 1995,
    "": "Bukan Outlier",
    "__1": "",
    "__2": "",
    "__3": "",
    "__4": "",
    "__5": "",
    "__6": ""
  },
  {
    "Date": "12/25/2013",
    "Day": 25,
    "Month": "December",
    "Year": 2013,
    "Customer_Age": 40,
    "Age_Group": "Adults (35-64)",
    "Customer_Gender": "M",
    "Country": "United States",
    "State": "Oregon",
    "Product_Category": "Bikes",
    "Sub_Category": "Mountain Bikes",
    "Product": "Mountain-200 Silver",
    "Order_Quantity": 38,
    "Unit_Cost": 1,
    "Unit_Price": 1266,
    "Profit": 2320,
    "Cost": 729,
    "Revenue": 1266,
    "Outlier": 1995,
    "": "Bukan Outlier",
    "__1": "",
    "__2": "",
    "__3": "",
    "__4": "",
    "__5": "",
    "__6": ""
  },
  {
    "Date": "12/25/2015",
    "Day": 25,
    "Month": "December",
    "Year": 2015,
    "Customer_Age": 40,
    "Age_Group": "Adults (35-64)",
    "Customer_Gender": "M",
    "Country": "United States",
    "State": "Oregon",
    "Product_Category": "Bikes",
    "Sub_Category": "Mountain Bikes",
    "Product": "Mountain-200 Silver",
    "Order_Quantity": 38,
    "Unit_Cost": 1,
    "Unit_Price": 1266,
    "Profit": 2320,
    "Cost": 729,
    "Revenue": 1266,
    "Outlier": 1995,
    "": "Bukan Outlier",
    "__1": "",
    "__2": "",
    "__3": "",
    "__4": "",
    "__5": "",
    "__6": ""
  },
  {
    "Date": "3/26/2014",
    "Day": 26,
    "Month": "March",
    "Year": 2014,
    "Customer_Age": 40,
    "Age_Group": "Adults (35-64)",
    "Customer_Gender": "M",
    "Country": "United States",
    "State": "Oregon",
    "Product_Category": "Bikes",
    "Sub_Category": "Mountain Bikes",
    "Product": "Mountain-200 Silver",
    "Order_Quantity": 38,
    "Unit_Cost": 1,
    "Unit_Price": 1266,
    "Profit": 2320,
    "Cost": 729,
    "Revenue": 1266,
    "Outlier": 1995,
    "": "Bukan Outlier",
    "__1": "",
    "__2": "",
    "__3": "",
    "__4": "",
    "__5": "",
    "__6": ""
  },
  {
    "Date": "3/26/2016",
    "Day": 26,
    "Month": "March",
    "Year": 2016,
    "Customer_Age": 40,
    "Age_Group": "Adults (35-64)",
    "Customer_Gender": "M",
    "Country": "United States",
    "State": "Oregon",
    "Product_Category": "Bikes",
    "Sub_Category": "Mountain Bikes",
    "Product": "Mountain-200 Silver",
    "Order_Quantity": 38,
    "Unit_Cost": 1,
    "Unit_Price": 1266,
    "Profit": 2320,
    "Cost": 729,
    "Revenue": 1266,
    "Outlier": 1995,
    "": "Bukan Outlier",
    "__1": "",
    "__2": "",
    "__3": "",
    "__4": "",
    "__5": "",
    "__6": ""
  },
  {
    "Date": "9/17/2013",
    "Day": 17,
    "Month": "September",
    "Year": 2013,
    "Customer_Age": 36,
    "Age_Group": "Adults (35-64)",
    "Customer_Gender": "M",
    "Country": "Australia",
    "State": "Victoria",
    "Product_Category": "Bikes",
    "Sub_Category": "Mountain Bikes",
    "Product": "Mountain-100 Black",
    "Order_Quantity": 48,
    "Unit_Cost": 1,
    "Unit_Price": 1898,
    "Profit": 3375,
    "Cost": 768,
    "Revenue": 1898,
    "Outlier": 2666,
    "": "Bukan Outlier",
    "__1": "",
    "__2": "",
    "__3": "",
    "__4": "",
    "__5": "",
    "__6": ""
  },
  {
    "Date": "9/17/2015",
    "Day": 17,
    "Month": "September",
    "Year": 2015,
    "Customer_Age": 36,
    "Age_Group": "Adults (35-64)",
    "Customer_Gender": "M",
    "Country": "Australia",
    "State": "Victoria",
    "Product_Category": "Bikes",
    "Sub_Category": "Mountain Bikes",
    "Product": "Mountain-100 Black",
    "Order_Quantity": 48,
    "Unit_Cost": 1,
    "Unit_Price": 1898,
    "Profit": 3375,
    "Cost": 768,
    "Revenue": 1898,
    "Outlier": 2666,
    "": "Bukan Outlier",
    "__1": "",
    "__2": "",
    "__3": "",
    "__4": "",
    "__5": "",
    "__6": ""
  },
  {
    "Date": "9/24/2013",
    "Day": 24,
    "Month": "September",
    "Year": 2013,
    "Customer_Age": 37,
    "Age_Group": "Adults (35-64)",
    "Customer_Gender": "F",
    "Country": "Australia",
    "State": "South Australia",
    "Product_Category": "Bikes",
    "Sub_Category": "Mountain Bikes",
    "Product": "Mountain-100 Black",
    "Order_Quantity": 42,
    "Unit_Cost": 1,
    "Unit_Price": 1898,
    "Profit": 3375,
    "Cost": 870,
    "Revenue": 1898,
    "Outlier": 2768,
    "": "Bukan Outlier",
    "__1": "",
    "__2": "",
    "__3": "",
    "__4": "",
    "__5": "",
    "__6": ""
  },
  {
    "Date": "9/24/2015",
    "Day": 24,
    "Month": "September",
    "Year": 2015,
    "Customer_Age": 37,
    "Age_Group": "Adults (35-64)",
    "Customer_Gender": "F",
    "Country": "Australia",
    "State": "South Australia",
    "Product_Category": "Bikes",
    "Sub_Category": "Mountain Bikes",
    "Product": "Mountain-100 Black",
    "Order_Quantity": 42,
    "Unit_Cost": 1,
    "Unit_Price": 1898,
    "Profit": 3375,
    "Cost": 870,
    "Revenue": 1898,
    "Outlier": 2768,
    "": "Bukan Outlier",
    "__1": "",
    "__2": "",
    "__3": "",
    "__4": "",
    "__5": "",
    "__6": ""
  },
  {
    "Date": "5/11/2012",
    "Day": 11,
    "Month": "May",
    "Year": 2012,
    "Customer_Age": 34,
    "Age_Group": "Young Adults (25-34)",
    "Customer_Gender": "M",
    "Country": "Australia",
    "State": "Victoria",
    "Product_Category": "Bikes",
    "Sub_Category": "Mountain Bikes",
    "Product": "Mountain-200 Black",
    "Order_Quantity": 42,
    "Unit_Cost": 2,
    "Unit_Price": 1252,
    "Profit": 2295,
    "Cost": 1122,
    "Revenue": 2504,
    "Outlier": 3626,
    "": "Bukan Outlier",
    "__1": "",
    "__2": "",
    "__3": "",
    "__4": "",
    "__5": "",
    "__6": ""
  },
  {
    "Date": "5/11/2011",
    "Day": 11,
    "Month": "May",
    "Year": 2011,
    "Customer_Age": 34,
    "Age_Group": "Young Adults (25-34)",
    "Customer_Gender": "M",
    "Country": "Australia",
    "State": "Victoria",
    "Product_Category": "Bikes",
    "Sub_Category": "Mountain Bikes",
    "Product": "Mountain-200 Black",
    "Order_Quantity": 42,
    "Unit_Cost": 1,
    "Unit_Price": 1252,
    "Profit": 2295,
    "Cost": 561,
    "Revenue": 1252,
    "Outlier": 1813,
    "": "Bukan Outlier",
    "__1": "",
    "__2": "",
    "__3": "",
    "__4": "",
    "__5": "",
    "__6": ""
  },
  {
    "Date": "5/25/2012",
    "Day": 25,
    "Month": "May",
    "Year": 2012,
    "Customer_Age": 34,
    "Age_Group": "Young Adults (25-34)",
    "Customer_Gender": "M",
    "Country": "Australia",
    "State": "Victoria",
    "Product_Category": "Bikes",
    "Sub_Category": "Mountain Bikes",
    "Product": "Mountain-200 Black",
    "Order_Quantity": 42,
    "Unit_Cost": 2,
    "Unit_Price": 1252,
    "Profit": 2295,
    "Cost": 1122,
    "Revenue": 2504,
    "Outlier": 3626,
    "": "Bukan Outlier",
    "__1": "",
    "__2": "",
    "__3": "",
    "__4": "",
    "__5": "",
    "__6": ""
  },
  {
    "Date": "5/25/2011",
    "Day": 25,
    "Month": "May",
    "Year": 2011,
    "Customer_Age": 34,
    "Age_Group": "Young Adults (25-34)",
    "Customer_Gender": "M",
    "Country": "Australia",
    "State": "Victoria",
    "Product_Category": "Bikes",
    "Sub_Category": "Mountain Bikes",
    "Product": "Mountain-200 Black",
    "Order_Quantity": 42,
    "Unit_Cost": 3,
    "Unit_Price": 1252,
    "Profit": 2295,
    "Cost": 1683,
    "Revenue": 3756,
    "Outlier": 5439,
    "": "Bukan Outlier",
    "__1": "",
    "__2": "",
    "__3": "",
    "__4": "",
    "__5": "",
    "__6": ""
  },
  {
    "Date": "12/28/2012",
    "Day": 28,
    "Month": "December",
    "Year": 2012,
    "Customer_Age": 34,
    "Age_Group": "Young Adults (25-34)",
    "Customer_Gender": "M",
    "Country": "Australia",
    "State": "Victoria",
    "Product_Category": "Bikes",
    "Sub_Category": "Mountain Bikes",
    "Product": "Mountain-100 Black",
    "Order_Quantity": 42,
    "Unit_Cost": 2,
    "Unit_Price": 1898,
    "Profit": 3375,
    "Cost": 1537,
    "Revenue": 3796,
    "Outlier": 5333,
    "": "Bukan Outlier",
    "__1": "",
    "__2": "",
    "__3": "",
    "__4": "",
    "__5": "",
    "__6": ""
  },
  {
    "Date": "12/28/2011",
    "Day": 28,
    "Month": "December",
    "Year": 2011,
    "Customer_Age": 34,
    "Age_Group": "Young Adults (25-34)",
    "Customer_Gender": "M",
    "Country": "Australia",
    "State": "Victoria",
    "Product_Category": "Bikes",
    "Sub_Category": "Mountain Bikes",
    "Product": "Mountain-100 Black",
    "Order_Quantity": 42,
    "Unit_Cost": 1,
    "Unit_Price": 1898,
    "Profit": 3375,
    "Cost": 768,
    "Revenue": 1898,
    "Outlier": 2666,
    "": "Bukan Outlier",
    "__1": "",
    "__2": "",
    "__3": "",
    "__4": "",
    "__5": "",
    "__6": ""
  },
  {
    "Date": "7/15/2013",
    "Day": 15,
    "Month": "July",
    "Year": 2013,
    "Customer_Age": 34,
    "Age_Group": "Young Adults (25-34)",
    "Customer_Gender": "M",
    "Country": "Australia",
    "State": "Victoria",
    "Product_Category": "Bikes",
    "Sub_Category": "Mountain Bikes",
    "Product": "Mountain-100 Black",
    "Order_Quantity": 42,
    "Unit_Cost": 1,
    "Unit_Price": 1898,
    "Profit": 3375,
    "Cost": 768,
    "Revenue": 1898,
    "Outlier": 2666,
    "": "Bukan Outlier",
    "__1": "",
    "__2": "",
    "__3": "",
    "__4": "",
    "__5": "",
    "__6": ""
  },
  {
    "Date": "7/15/2015",
    "Day": 15,
    "Month": "July",
    "Year": 2015,
    "Customer_Age": 34,
    "Age_Group": "Young Adults (25-34)",
    "Customer_Gender": "M",
    "Country": "Australia",
    "State": "Victoria",
    "Product_Category": "Bikes",
    "Sub_Category": "Mountain Bikes",
    "Product": "Mountain-100 Black",
    "Order_Quantity": 42,
    "Unit_Cost": 1,
    "Unit_Price": 1898,
    "Profit": 3375,
    "Cost": 768,
    "Revenue": 1898,
    "Outlier": 2666,
    "": "Bukan Outlier",
    "__1": "",
    "__2": "",
    "__3": "",
    "__4": "",
    "__5": "",
    "__6": ""
  },
  {
    "Date": "10/22/2013",
    "Day": 22,
    "Month": "October",
    "Year": 2013,
    "Customer_Age": 34,
    "Age_Group": "Young Adults (25-34)",
    "Customer_Gender": "M",
    "Country": "Australia",
    "State": "Victoria",
    "Product_Category": "Bikes",
    "Sub_Category": "Mountain Bikes",
    "Product": "Mountain-100 Black",
    "Order_Quantity": 42,
    "Unit_Cost": 1,
    "Unit_Price": 1898,
    "Profit": 3375,
    "Cost": 768,
    "Revenue": 1898,
    "Outlier": 2666,
    "": "Bukan Outlier",
    "__1": "",
    "__2": "",
    "__3": "",
    "__4": "",
    "__5": "",
    "__6": ""
  },
  {
    "Date": "10/22/2015",
    "Day": 22,
    "Month": "October",
    "Year": 2015,
    "Customer_Age": 34,
    "Age_Group": "Young Adults (25-34)",
    "Customer_Gender": "M",
    "Country": "Australia",
    "State": "Victoria",
    "Product_Category": "Bikes",
    "Sub_Category": "Mountain Bikes",
    "Product": "Mountain-100 Black",
    "Order_Quantity": 42,
    "Unit_Cost": 1,
    "Unit_Price": 1898,
    "Profit": 3375,
    "Cost": 768,
    "Revenue": 1898,
    "Outlier": 2666,
    "": "Bukan Outlier",
    "__1": "",
    "__2": "",
    "__3": "",
    "__4": "",
    "__5": "",
    "__6": ""
  },
  {
    "Date": "10/29/2013",
    "Day": 29,
    "Month": "October",
    "Year": 2013,
    "Customer_Age": 34,
    "Age_Group": "Young Adults (25-34)",
    "Customer_Gender": "M",
    "Country": "Australia",
    "State": "Victoria",
    "Product_Category": "Bikes",
    "Sub_Category": "Mountain Bikes",
    "Product": "Mountain-100 Black",
    "Order_Quantity": 42,
    "Unit_Cost": 1,
    "Unit_Price": 1898,
    "Profit": 3375,
    "Cost": 768,
    "Revenue": 1898,
    "Outlier": 2666,
    "": "Bukan Outlier",
    "__1": "",
    "__2": "",
    "__3": "",
    "__4": "",
    "__5": "",
    "__6": ""
  },
  {
    "Date": "10/29/2015",
    "Day": 29,
    "Month": "October",
    "Year": 2015,
    "Customer_Age": 34,
    "Age_Group": "Young Adults (25-34)",
    "Customer_Gender": "M",
    "Country": "Australia",
    "State": "Victoria",
    "Product_Category": "Bikes",
    "Sub_Category": "Mountain Bikes",
    "Product": "Mountain-100 Black",
    "Order_Quantity": 42,
    "Unit_Cost": 1,
    "Unit_Price": 1898,
    "Profit": 3375,
    "Cost": 768,
    "Revenue": 1898,
    "Outlier": 2666,
    "": "Bukan Outlier",
    "__1": "",
    "__2": "",
    "__3": "",
    "__4": "",
    "__5": "",
    "__6": ""
  },
  {
    "Date": "12/10/2013",
    "Day": 10,
    "Month": "December",
    "Year": 2013,
    "Customer_Age": 34,
    "Age_Group": "Young Adults (25-34)",
    "Customer_Gender": "M",
    "Country": "Australia",
    "State": "Victoria",
    "Product_Category": "Bikes",
    "Sub_Category": "Mountain Bikes",
    "Product": "Mountain-100 Black",
    "Order_Quantity": 42,
    "Unit_Cost": 1,
    "Unit_Price": 1898,
    "Profit": 3375,
    "Cost": 768,
    "Revenue": 1898,
    "Outlier": 2666,
    "": "Bukan Outlier",
    "__1": "",
    "__2": "",
    "__3": "",
    "__4": "",
    "__5": "",
    "__6": ""
  },
  {
    "Date": "12/10/2015",
    "Day": 10,
    "Month": "December",
    "Year": 2015,
    "Customer_Age": 34,
    "Age_Group": "Young Adults (25-34)",
    "Customer_Gender": "M",
    "Country": "Australia",
    "State": "Victoria",
    "Product_Category": "Bikes",
    "Sub_Category": "Mountain Bikes",
    "Product": "Mountain-100 Black",
    "Order_Quantity": 42,
    "Unit_Cost": 1,
    "Unit_Price": 1898,
    "Profit": 3375,
    "Cost": 768,
    "Revenue": 1898,
    "Outlier": 2666,
    "": "Bukan Outlier",
    "__1": "",
    "__2": "",
    "__3": "",
    "__4": "",
    "__5": "",
    "__6": ""
  },
  {
    "Date": "10/29/2013",
    "Day": 29,
    "Month": "October",
    "Year": 2013,
    "Customer_Age": 61,
    "Age_Group": "Adults (35-64)",
    "Customer_Gender": "F",
    "Country": "Australia",
    "State": "New South Wales",
    "Product_Category": "Bikes",
    "Sub_Category": "Mountain Bikes",
    "Product": "Mountain-100 Black",
    "Order_Quantity": 44,
    "Unit_Cost": 1,
    "Unit_Price": 1898,
    "Profit": 3375,
    "Cost": 1038,
    "Revenue": 1898,
    "Outlier": 2936,
    "": "Bukan Outlier",
    "__1": "",
    "__2": "",
    "__3": "",
    "__4": "",
    "__5": "",
    "__6": ""
  },
  {
    "Date": "10/29/2015",
    "Day": 29,
    "Month": "October",
    "Year": 2015,
    "Customer_Age": 61,
    "Age_Group": "Adults (35-64)",
    "Customer_Gender": "F",
    "Country": "Australia",
    "State": "New South Wales",
    "Product_Category": "Bikes",
    "Sub_Category": "Mountain Bikes",
    "Product": "Mountain-100 Black",
    "Order_Quantity": 44,
    "Unit_Cost": 1,
    "Unit_Price": 1898,
    "Profit": 3375,
    "Cost": 1038,
    "Revenue": 1898,
    "Outlier": 2936,
    "": "Bukan Outlier",
    "__1": "",
    "__2": "",
    "__3": "",
    "__4": "",
    "__5": "",
    "__6": ""
  },
  {
    "Date": "10/26/2012",
    "Day": 26,
    "Month": "October",
    "Year": 2012,
    "Customer_Age": 40,
    "Age_Group": "Adults (35-64)",
    "Customer_Gender": "M",
    "Country": "Australia",
    "State": "Victoria",
    "Product_Category": "Bikes",
    "Sub_Category": "Mountain Bikes",
    "Product": "Mountain-200 Black",
    "Order_Quantity": 42,
    "Unit_Cost": 2,
    "Unit_Price": 1252,
    "Profit": 2295,
    "Cost": 1122,
    "Revenue": 2504,
    "Outlier": 3626,
    "": "Bukan Outlier",
    "__1": "",
    "__2": "",
    "__3": "",
    "__4": "",
    "__5": "",
    "__6": ""
  },
  {
    "Date": "10/26/2011",
    "Day": 26,
    "Month": "October",
    "Year": 2011,
    "Customer_Age": 40,
    "Age_Group": "Adults (35-64)",
    "Customer_Gender": "M",
    "Country": "Australia",
    "State": "Victoria",
    "Product_Category": "Bikes",
    "Sub_Category": "Mountain Bikes",
    "Product": "Mountain-200 Black",
    "Order_Quantity": 42,
    "Unit_Cost": 3,
    "Unit_Price": 1252,
    "Profit": 2295,
    "Cost": 1683,
    "Revenue": 3756,
    "Outlier": 5439,
    "": "Bukan Outlier",
    "__1": "",
    "__2": "",
    "__3": "",
    "__4": "",
    "__5": "",
    "__6": ""
  },
  {
    "Date": "7/29/2013",
    "Day": 29,
    "Month": "July",
    "Year": 2013,
    "Customer_Age": 40,
    "Age_Group": "Adults (35-64)",
    "Customer_Gender": "M",
    "Country": "Australia",
    "State": "Victoria",
    "Product_Category": "Bikes",
    "Sub_Category": "Mountain Bikes",
    "Product": "Mountain-100 Silver",
    "Order_Quantity": 42,
    "Unit_Cost": 1,
    "Unit_Price": 1912,
    "Profit": 3400,
    "Cost": 774,
    "Revenue": 1912,
    "Outlier": 2686,
    "": "Bukan Outlier",
    "__1": "",
    "__2": "",
    "__3": "",
    "__4": "",
    "__5": "",
    "__6": ""
  },
  {
    "Date": "7/29/2015",
    "Day": 29,
    "Month": "July",
    "Year": 2015,
    "Customer_Age": 40,
    "Age_Group": "Adults (35-64)",
    "Customer_Gender": "M",
    "Country": "Australia",
    "State": "Victoria",
    "Product_Category": "Bikes",
    "Sub_Category": "Mountain Bikes",
    "Product": "Mountain-100 Silver",
    "Order_Quantity": 42,
    "Unit_Cost": 3,
    "Unit_Price": 1912,
    "Profit": 3400,
    "Cost": 2322,
    "Revenue": 5736,
    "Outlier": 8058,
    "": "Outlier",
    "__1": "",
    "__2": "",
    "__3": "",
    "__4": "",
    "__5": "",
    "__6": ""
  },
  {
    "Date": "11/26/2013",
    "Day": 26,
    "Month": "November",
    "Year": 2013,
    "Customer_Age": 40,
    "Age_Group": "Adults (35-64)",
    "Customer_Gender": "M",
    "Country": "Australia",
    "State": "Victoria",
    "Product_Category": "Bikes",
    "Sub_Category": "Mountain Bikes",
    "Product": "Mountain-100 Silver",
    "Order_Quantity": 42,
    "Unit_Cost": 1,
    "Unit_Price": 1912,
    "Profit": 3400,
    "Cost": 774,
    "Revenue": 1912,
    "Outlier": 2686,
    "": "Bukan Outlier",
    "__1": "",
    "__2": "",
    "__3": "",
    "__4": "",
    "__5": "",
    "__6": ""
  },
  {
    "Date": "11/26/2015",
    "Day": 26,
    "Month": "November",
    "Year": 2015,
    "Customer_Age": 40,
    "Age_Group": "Adults (35-64)",
    "Customer_Gender": "M",
    "Country": "Australia",
    "State": "Victoria",
    "Product_Category": "Bikes",
    "Sub_Category": "Mountain Bikes",
    "Product": "Mountain-100 Silver",
    "Order_Quantity": 42,
    "Unit_Cost": 1,
    "Unit_Price": 1912,
    "Profit": 3400,
    "Cost": 774,
    "Revenue": 1912,
    "Outlier": 2686,
    "": "Bukan Outlier",
    "__1": "",
    "__2": "",
    "__3": "",
    "__4": "",
    "__5": "",
    "__6": ""
  },
  {
    "Date": "6/9/2014",
    "Day": 9,
    "Month": "June",
    "Year": 2014,
    "Customer_Age": 40,
    "Age_Group": "Adults (35-64)",
    "Customer_Gender": "M",
    "Country": "Australia",
    "State": "Victoria",
    "Product_Category": "Bikes",
    "Sub_Category": "Mountain Bikes",
    "Product": "Mountain-100 Silver",
    "Order_Quantity": 42,
    "Unit_Cost": 1,
    "Unit_Price": 1912,
    "Profit": 3400,
    "Cost": 774,
    "Revenue": 1912,
    "Outlier": 2686,
    "": "Bukan Outlier",
    "__1": "",
    "__2": "",
    "__3": "",
    "__4": "",
    "__5": "",
    "__6": ""
  },
  {
    "Date": "6/9/2016",
    "Day": 9,
    "Month": "June",
    "Year": 2016,
    "Customer_Age": 40,
    "Age_Group": "Adults (35-64)",
    "Customer_Gender": "M",
    "Country": "Australia",
    "State": "Victoria",
    "Product_Category": "Bikes",
    "Sub_Category": "Mountain Bikes",
    "Product": "Mountain-100 Silver",
    "Order_Quantity": 42,
    "Unit_Cost": 1,
    "Unit_Price": 1912,
    "Profit": 3400,
    "Cost": 774,
    "Revenue": 1912,
    "Outlier": 2686,
    "": "Bukan Outlier",
    "__1": "",
    "__2": "",
    "__3": "",
    "__4": "",
    "__5": "",
    "__6": ""
  },
  {
    "Date": "7/13/2013",
    "Day": 13,
    "Month": "July",
    "Year": 2013,
    "Customer_Age": 22,
    "Age_Group": "Youth (<25)",
    "Customer_Gender": "F",
    "Country": "United States",
    "State": "Washington",
    "Product_Category": "Bikes",
    "Sub_Category": "Mountain Bikes",
    "Product": "Mountain-400-W Silver",
    "Order_Quantity": 46,
    "Unit_Cost": 1,
    "Unit_Price": 420,
    "Profit": 769,
    "Cost": 180,
    "Revenue": 420,
    "Outlier": 600,
    "": "Bukan Outlier",
    "__1": "",
    "__2": "",
    "__3": "",
    "__4": "",
    "__5": "",
    "__6": ""
  },
  {
    "Date": "7/13/2015",
    "Day": 13,
    "Month": "July",
    "Year": 2015,
    "Customer_Age": 22,
    "Age_Group": "Youth (<25)",
    "Customer_Gender": "F",
    "Country": "United States",
    "State": "Washington",
    "Product_Category": "Bikes",
    "Sub_Category": "Mountain Bikes",
    "Product": "Mountain-400-W Silver",
    "Order_Quantity": 46,
    "Unit_Cost": 1,
    "Unit_Price": 420,
    "Profit": 769,
    "Cost": 180,
    "Revenue": 420,
    "Outlier": 600,
    "": "Bukan Outlier",
    "__1": "",
    "__2": "",
    "__3": "",
    "__4": "",
    "__5": "",
    "__6": ""
  },
  {
    "Date": "7/16/2013",
    "Day": 16,
    "Month": "July",
    "Year": 2013,
    "Customer_Age": 22,
    "Age_Group": "Youth (<25)",
    "Customer_Gender": "F",
    "Country": "United States",
    "State": "Washington",
    "Product_Category": "Bikes",
    "Sub_Category": "Mountain Bikes",
    "Product": "Mountain-400-W Silver",
    "Order_Quantity": 46,
    "Unit_Cost": 1,
    "Unit_Price": 420,
    "Profit": 769,
    "Cost": 180,
    "Revenue": 420,
    "Outlier": 600,
    "": "Bukan Outlier",
    "__1": "",
    "__2": "",
    "__3": "",
    "__4": "",
    "__5": "",
    "__6": ""
  },
  {
    "Date": "7/16/2015",
    "Day": 16,
    "Month": "July",
    "Year": 2015,
    "Customer_Age": 22,
    "Age_Group": "Youth (<25)",
    "Customer_Gender": "F",
    "Country": "United States",
    "State": "Washington",
    "Product_Category": "Bikes",
    "Sub_Category": "Mountain Bikes",
    "Product": "Mountain-400-W Silver",
    "Order_Quantity": 46,
    "Unit_Cost": 1,
    "Unit_Price": 420,
    "Profit": 769,
    "Cost": 180,
    "Revenue": 420,
    "Outlier": 600,
    "": "Bukan Outlier",
    "__1": "",
    "__2": "",
    "__3": "",
    "__4": "",
    "__5": "",
    "__6": ""
  },
  {
    "Date": "10/11/2013",
    "Day": 11,
    "Month": "October",
    "Year": 2013,
    "Customer_Age": 17,
    "Age_Group": "Youth (<25)",
    "Customer_Gender": "F",
    "Country": "Canada",
    "State": "British Columbia",
    "Product_Category": "Bikes",
    "Sub_Category": "Mountain Bikes",
    "Product": "Mountain-200 Black",
    "Order_Quantity": 46,
    "Unit_Cost": 1,
    "Unit_Price": 1252,
    "Profit": 2295,
    "Cost": 1020,
    "Revenue": 1252,
    "Outlier": 2272,
    "": "Bukan Outlier",
    "__1": "",
    "__2": "",
    "__3": "",
    "__4": "",
    "__5": "",
    "__6": ""
  },
  {
    "Date": "10/11/2015",
    "Day": 11,
    "Month": "October",
    "Year": 2015,
    "Customer_Age": 17,
    "Age_Group": "Youth (<25)",
    "Customer_Gender": "F",
    "Country": "Canada",
    "State": "British Columbia",
    "Product_Category": "Bikes",
    "Sub_Category": "Mountain Bikes",
    "Product": "Mountain-200 Black",
    "Order_Quantity": 46,
    "Unit_Cost": 1,
    "Unit_Price": 1252,
    "Profit": 2295,
    "Cost": 1020,
    "Revenue": 1252,
    "Outlier": 2272,
    "": "Bukan Outlier",
    "__1": "",
    "__2": "",
    "__3": "",
    "__4": "",
    "__5": "",
    "__6": ""
  },
  {
    "Date": "12/25/2013",
    "Day": 25,
    "Month": "December",
    "Year": 2013,
    "Customer_Age": 51,
    "Age_Group": "Adults (35-64)",
    "Customer_Gender": "M",
    "Country": "Australia",
    "State": "South Australia",
    "Product_Category": "Bikes",
    "Sub_Category": "Mountain Bikes",
    "Product": "Mountain-100 Silver",
    "Order_Quantity": 44,
    "Unit_Cost": 1,
    "Unit_Price": 1912,
    "Profit": 3400,
    "Cost": 876,
    "Revenue": 1912,
    "Outlier": 2788,
    "": "Bukan Outlier",
    "__1": "",
    "__2": "",
    "__3": "",
    "__4": "",
    "__5": "",
    "__6": ""
  },
  {
    "Date": "12/25/2015",
    "Day": 25,
    "Month": "December",
    "Year": 2015,
    "Customer_Age": 51,
    "Age_Group": "Adults (35-64)",
    "Customer_Gender": "M",
    "Country": "Australia",
    "State": "South Australia",
    "Product_Category": "Bikes",
    "Sub_Category": "Mountain Bikes",
    "Product": "Mountain-100 Silver",
    "Order_Quantity": 44,
    "Unit_Cost": 1,
    "Unit_Price": 1912,
    "Profit": 3400,
    "Cost": 876,
    "Revenue": 1912,
    "Outlier": 2788,
    "": "Bukan Outlier",
    "__1": "",
    "__2": "",
    "__3": "",
    "__4": "",
    "__5": "",
    "__6": ""
  },
  {
    "Date": "7/29/2013",
    "Day": 29,
    "Month": "July",
    "Year": 2013,
    "Customer_Age": 18,
    "Age_Group": "Youth (<25)",
    "Customer_Gender": "M",
    "Country": "United States",
    "State": "Washington",
    "Product_Category": "Bikes",
    "Sub_Category": "Mountain Bikes",
    "Product": "Mountain-200 Black",
    "Order_Quantity": 38,
    "Unit_Cost": 1,
    "Unit_Price": 1252,
    "Profit": 2295,
    "Cost": 538,
    "Revenue": 1252,
    "Outlier": 1790,
    "": "Bukan Outlier",
    "__1": "",
    "__2": "",
    "__3": "",
    "__4": "",
    "__5": "",
    "__6": ""
  },
  {
    "Date": "7/29/2015",
    "Day": 29,
    "Month": "July",
    "Year": 2015,
    "Customer_Age": 18,
    "Age_Group": "Youth (<25)",
    "Customer_Gender": "M",
    "Country": "United States",
    "State": "Washington",
    "Product_Category": "Bikes",
    "Sub_Category": "Mountain Bikes",
    "Product": "Mountain-200 Black",
    "Order_Quantity": 38,
    "Unit_Cost": 1,
    "Unit_Price": 1252,
    "Profit": 2295,
    "Cost": 538,
    "Revenue": 1252,
    "Outlier": 1790,
    "": "Bukan Outlier",
    "__1": "",
    "__2": "",
    "__3": "",
    "__4": "",
    "__5": "",
    "__6": ""
  },
  {
    "Date": "7/29/2013",
    "Day": 29,
    "Month": "July",
    "Year": 2013,
    "Customer_Age": 18,
    "Age_Group": "Youth (<25)",
    "Customer_Gender": "F",
    "Country": "United States",
    "State": "Oregon",
    "Product_Category": "Bikes",
    "Sub_Category": "Mountain Bikes",
    "Product": "Mountain-200 Black",
    "Order_Quantity": 46,
    "Unit_Cost": 1,
    "Unit_Price": 1252,
    "Profit": 2295,
    "Cost": 722,
    "Revenue": 1252,
    "Outlier": 1974,
    "": "Bukan Outlier",
    "__1": "",
    "__2": "",
    "__3": "",
    "__4": "",
    "__5": "",
    "__6": ""
  },
  {
    "Date": "7/29/2015",
    "Day": 29,
    "Month": "July",
    "Year": 2015,
    "Customer_Age": 18,
    "Age_Group": "Youth (<25)",
    "Customer_Gender": "F",
    "Country": "United States",
    "State": "Oregon",
    "Product_Category": "Bikes",
    "Sub_Category": "Mountain Bikes",
    "Product": "Mountain-200 Black",
    "Order_Quantity": 46,
    "Unit_Cost": 2,
    "Unit_Price": 1252,
    "Profit": 2295,
    "Cost": 1443,
    "Revenue": 2504,
    "Outlier": 3947,
    "": "Bukan Outlier",
    "__1": "",
    "__2": "",
    "__3": "",
    "__4": "",
    "__5": "",
    "__6": ""
  },
  {
    "Date": "10/31/2013",
    "Day": 31,
    "Month": "October",
    "Year": 2013,
    "Customer_Age": 58,
    "Age_Group": "Adults (35-64)",
    "Customer_Gender": "M",
    "Country": "Australia",
    "State": "Victoria",
    "Product_Category": "Bikes",
    "Sub_Category": "Mountain Bikes",
    "Product": "Mountain-100 Black",
    "Order_Quantity": 48,
    "Unit_Cost": 1,
    "Unit_Price": 1898,
    "Profit": 3375,
    "Cost": 768,
    "Revenue": 1898,
    "Outlier": 2666,
    "": "Bukan Outlier",
    "__1": "",
    "__2": "",
    "__3": "",
    "__4": "",
    "__5": "",
    "__6": ""
  },
  {
    "Date": "10/31/2015",
    "Day": 31,
    "Month": "October",
    "Year": 2015,
    "Customer_Age": 58,
    "Age_Group": "Adults (35-64)",
    "Customer_Gender": "M",
    "Country": "Australia",
    "State": "Victoria",
    "Product_Category": "Bikes",
    "Sub_Category": "Mountain Bikes",
    "Product": "Mountain-100 Black",
    "Order_Quantity": 48,
    "Unit_Cost": 1,
    "Unit_Price": 1898,
    "Profit": 3375,
    "Cost": 768,
    "Revenue": 1898,
    "Outlier": 2666,
    "": "Bukan Outlier",
    "__1": "",
    "__2": "",
    "__3": "",
    "__4": "",
    "__5": "",
    "__6": ""
  },
  {
    "Date": "7/13/2013",
    "Day": 13,
    "Month": "July",
    "Year": 2013,
    "Customer_Age": 21,
    "Age_Group": "Youth (<25)",
    "Customer_Gender": "M",
    "Country": "United States",
    "State": "Washington",
    "Product_Category": "Bikes",
    "Sub_Category": "Mountain Bikes",
    "Product": "Mountain-200 Black",
    "Order_Quantity": 46,
    "Unit_Cost": 1,
    "Unit_Price": 1252,
    "Profit": 2295,
    "Cost": 538,
    "Revenue": 1252,
    "Outlier": 1790,
    "": "Bukan Outlier",
    "__1": "",
    "__2": "",
    "__3": "",
    "__4": "",
    "__5": "",
    "__6": ""
  },
  {
    "Date": "7/13/2015",
    "Day": 13,
    "Month": "July",
    "Year": 2015,
    "Customer_Age": 21,
    "Age_Group": "Youth (<25)",
    "Customer_Gender": "M",
    "Country": "United States",
    "State": "Washington",
    "Product_Category": "Bikes",
    "Sub_Category": "Mountain Bikes",
    "Product": "Mountain-200 Black",
    "Order_Quantity": 46,
    "Unit_Cost": 1,
    "Unit_Price": 1252,
    "Profit": 2295,
    "Cost": 538,
    "Revenue": 1252,
    "Outlier": 1790,
    "": "Bukan Outlier",
    "__1": "",
    "__2": "",
    "__3": "",
    "__4": "",
    "__5": "",
    "__6": ""
  },
  {
    "Date": "7/14/2013",
    "Day": 14,
    "Month": "July",
    "Year": 2013,
    "Customer_Age": 21,
    "Age_Group": "Youth (<25)",
    "Customer_Gender": "F",
    "Country": "United States",
    "State": "Oregon",
    "Product_Category": "Bikes",
    "Sub_Category": "Mountain Bikes",
    "Product": "Mountain-200 Black",
    "Order_Quantity": 42,
    "Unit_Cost": 1,
    "Unit_Price": 1252,
    "Profit": 2295,
    "Cost": 722,
    "Revenue": 1252,
    "Outlier": 1974,
    "": "Bukan Outlier",
    "__1": "",
    "__2": "",
    "__3": "",
    "__4": "",
    "__5": "",
    "__6": ""
  },
  {
    "Date": "7/14/2015",
    "Day": 14,
    "Month": "July",
    "Year": 2015,
    "Customer_Age": 21,
    "Age_Group": "Youth (<25)",
    "Customer_Gender": "F",
    "Country": "United States",
    "State": "Oregon",
    "Product_Category": "Bikes",
    "Sub_Category": "Mountain Bikes",
    "Product": "Mountain-200 Black",
    "Order_Quantity": 42,
    "Unit_Cost": 3,
    "Unit_Price": 1252,
    "Profit": 2295,
    "Cost": 2165,
    "Revenue": 3756,
    "Outlier": 5921,
    "": "Outlier",
    "__1": "",
    "__2": "",
    "__3": "",
    "__4": "",
    "__5": "",
    "__6": ""
  },
  {
    "Date": "10/8/2013",
    "Day": 8,
    "Month": "October",
    "Year": 2013,
    "Customer_Age": 21,
    "Age_Group": "Youth (<25)",
    "Customer_Gender": "F",
    "Country": "United States",
    "State": "Oregon",
    "Product_Category": "Bikes",
    "Sub_Category": "Mountain Bikes",
    "Product": "Mountain-200 Black",
    "Order_Quantity": 42,
    "Unit_Cost": 1,
    "Unit_Price": 1252,
    "Profit": 2295,
    "Cost": 722,
    "Revenue": 1252,
    "Outlier": 1974,
    "": "Bukan Outlier",
    "__1": "",
    "__2": "",
    "__3": "",
    "__4": "",
    "__5": "",
    "__6": ""
  },
  {
    "Date": "10/8/2015",
    "Day": 8,
    "Month": "October",
    "Year": 2015,
    "Customer_Age": 21,
    "Age_Group": "Youth (<25)",
    "Customer_Gender": "F",
    "Country": "United States",
    "State": "Oregon",
    "Product_Category": "Bikes",
    "Sub_Category": "Mountain Bikes",
    "Product": "Mountain-200 Black",
    "Order_Quantity": 42,
    "Unit_Cost": 1,
    "Unit_Price": 1252,
    "Profit": 2295,
    "Cost": 722,
    "Revenue": 1252,
    "Outlier": 1974,
    "": "Bukan Outlier",
    "__1": "",
    "__2": "",
    "__3": "",
    "__4": "",
    "__5": "",
    "__6": ""
  },
  {
    "Date": "7/25/2012",
    "Day": 25,
    "Month": "July",
    "Year": 2012,
    "Customer_Age": 23,
    "Age_Group": "Youth (<25)",
    "Customer_Gender": "M",
    "Country": "United States",
    "State": "California",
    "Product_Category": "Bikes",
    "Sub_Category": "Mountain Bikes",
    "Product": "Mountain-200 Silver",
    "Order_Quantity": 38,
    "Unit_Cost": 2,
    "Unit_Price": 1266,
    "Profit": 2320,
    "Cost": 2015,
    "Revenue": 2532,
    "Outlier": 4547,
    "": "Bukan Outlier",
    "__1": "",
    "__2": "",
    "__3": "",
    "__4": "",
    "__5": "",
    "__6": ""
  },
  {
    "Date": "7/25/2011",
    "Day": 25,
    "Month": "July",
    "Year": 2011,
    "Customer_Age": 23,
    "Age_Group": "Youth (<25)",
    "Customer_Gender": "M",
    "Country": "United States",
    "State": "California",
    "Product_Category": "Bikes",
    "Sub_Category": "Mountain Bikes",
    "Product": "Mountain-200 Silver",
    "Order_Quantity": 38,
    "Unit_Cost": 2,
    "Unit_Price": 1266,
    "Profit": 2320,
    "Cost": 2015,
    "Revenue": 2532,
    "Outlier": 4547,
    "": "Bukan Outlier",
    "__1": "",
    "__2": "",
    "__3": "",
    "__4": "",
    "__5": "",
    "__6": ""
  },
  {
    "Date": "11/24/2012",
    "Day": 24,
    "Month": "November",
    "Year": 2012,
    "Customer_Age": 23,
    "Age_Group": "Youth (<25)",
    "Customer_Gender": "M",
    "Country": "United States",
    "State": "California",
    "Product_Category": "Bikes",
    "Sub_Category": "Mountain Bikes",
    "Product": "Mountain-200 Silver",
    "Order_Quantity": 38,
    "Unit_Cost": 2,
    "Unit_Price": 1266,
    "Profit": 2320,
    "Cost": 2015,
    "Revenue": 2532,
    "Outlier": 4547,
    "": "Bukan Outlier",
    "__1": "",
    "__2": "",
    "__3": "",
    "__4": "",
    "__5": "",
    "__6": ""
  },
  {
    "Date": "11/24/2011",
    "Day": 24,
    "Month": "November",
    "Year": 2011,
    "Customer_Age": 23,
    "Age_Group": "Youth (<25)",
    "Customer_Gender": "M",
    "Country": "United States",
    "State": "California",
    "Product_Category": "Bikes",
    "Sub_Category": "Mountain Bikes",
    "Product": "Mountain-200 Silver",
    "Order_Quantity": 38,
    "Unit_Cost": 1,
    "Unit_Price": 1266,
    "Profit": 2320,
    "Cost": 1008,
    "Revenue": 1266,
    "Outlier": 2274,
    "": "Bukan Outlier",
    "__1": "",
    "__2": "",
    "__3": "",
    "__4": "",
    "__5": "",
    "__6": ""
  },
  {
    "Date": "4/2/2013",
    "Day": 2,
    "Month": "April",
    "Year": 2013,
    "Customer_Age": 23,
    "Age_Group": "Youth (<25)",
    "Customer_Gender": "M",
    "Country": "United States",
    "State": "California",
    "Product_Category": "Bikes",
    "Sub_Category": "Mountain Bikes",
    "Product": "Mountain-200 Silver",
    "Order_Quantity": 38,
    "Unit_Cost": 1,
    "Unit_Price": 1266,
    "Profit": 2320,
    "Cost": 1008,
    "Revenue": 1266,
    "Outlier": 2274,
    "": "Bukan Outlier",
    "__1": "",
    "__2": "",
    "__3": "",
    "__4": "",
    "__5": "",
    "__6": ""
  },
  {
    "Date": "4/2/2015",
    "Day": 2,
    "Month": "April",
    "Year": 2015,
    "Customer_Age": 23,
    "Age_Group": "Youth (<25)",
    "Customer_Gender": "M",
    "Country": "United States",
    "State": "California",
    "Product_Category": "Bikes",
    "Sub_Category": "Mountain Bikes",
    "Product": "Mountain-200 Silver",
    "Order_Quantity": 38,
    "Unit_Cost": 1,
    "Unit_Price": 1266,
    "Profit": 2320,
    "Cost": 1008,
    "Revenue": 1266,
    "Outlier": 2274,
    "": "Bukan Outlier",
    "__1": "",
    "__2": "",
    "__3": "",
    "__4": "",
    "__5": "",
    "__6": ""
  },
  {
    "Date": "8/22/2013",
    "Day": 22,
    "Month": "August",
    "Year": 2013,
    "Customer_Age": 23,
    "Age_Group": "Youth (<25)",
    "Customer_Gender": "M",
    "Country": "United States",
    "State": "California",
    "Product_Category": "Bikes",
    "Sub_Category": "Mountain Bikes",
    "Product": "Mountain-200 Silver",
    "Order_Quantity": 38,
    "Unit_Cost": 1,
    "Unit_Price": 1266,
    "Profit": 2320,
    "Cost": 1008,
    "Revenue": 1266,
    "Outlier": 2274,
    "": "Bukan Outlier",
    "__1": "",
    "__2": "",
    "__3": "",
    "__4": "",
    "__5": "",
    "__6": ""
  },
  {
    "Date": "8/22/2015",
    "Day": 22,
    "Month": "August",
    "Year": 2015,
    "Customer_Age": 23,
    "Age_Group": "Youth (<25)",
    "Customer_Gender": "M",
    "Country": "United States",
    "State": "California",
    "Product_Category": "Bikes",
    "Sub_Category": "Mountain Bikes",
    "Product": "Mountain-200 Silver",
    "Order_Quantity": 38,
    "Unit_Cost": 2,
    "Unit_Price": 1266,
    "Profit": 2320,
    "Cost": 2015,
    "Revenue": 2532,
    "Outlier": 4547,
    "": "Bukan Outlier",
    "__1": "",
    "__2": "",
    "__3": "",
    "__4": "",
    "__5": "",
    "__6": ""
  },
  {
    "Date": "8/25/2013",
    "Day": 25,
    "Month": "August",
    "Year": 2013,
    "Customer_Age": 23,
    "Age_Group": "Youth (<25)",
    "Customer_Gender": "M",
    "Country": "United States",
    "State": "California",
    "Product_Category": "Bikes",
    "Sub_Category": "Mountain Bikes",
    "Product": "Mountain-200 Silver",
    "Order_Quantity": 38,
    "Unit_Cost": 1,
    "Unit_Price": 1266,
    "Profit": 2320,
    "Cost": 1008,
    "Revenue": 1266,
    "Outlier": 2274,
    "": "Bukan Outlier",
    "__1": "",
    "__2": "",
    "__3": "",
    "__4": "",
    "__5": "",
    "__6": ""
  },
  {
    "Date": "8/25/2015",
    "Day": 25,
    "Month": "August",
    "Year": 2015,
    "Customer_Age": 23,
    "Age_Group": "Youth (<25)",
    "Customer_Gender": "M",
    "Country": "United States",
    "State": "California",
    "Product_Category": "Bikes",
    "Sub_Category": "Mountain Bikes",
    "Product": "Mountain-200 Silver",
    "Order_Quantity": 38,
    "Unit_Cost": 2,
    "Unit_Price": 1266,
    "Profit": 2320,
    "Cost": 2015,
    "Revenue": 2532,
    "Outlier": 4547,
    "": "Bukan Outlier",
    "__1": "",
    "__2": "",
    "__3": "",
    "__4": "",
    "__5": "",
    "__6": ""
  },
  {
    "Date": "4/4/2014",
    "Day": 4,
    "Month": "April",
    "Year": 2014,
    "Customer_Age": 23,
    "Age_Group": "Youth (<25)",
    "Customer_Gender": "M",
    "Country": "United States",
    "State": "California",
    "Product_Category": "Bikes",
    "Sub_Category": "Mountain Bikes",
    "Product": "Mountain-200 Silver",
    "Order_Quantity": 38,
    "Unit_Cost": 1,
    "Unit_Price": 1266,
    "Profit": 2320,
    "Cost": 1008,
    "Revenue": 1266,
    "Outlier": 2274,
    "": "Bukan Outlier",
    "__1": "",
    "__2": "",
    "__3": "",
    "__4": "",
    "__5": "",
    "__6": ""
  },
  {
    "Date": "4/4/2016",
    "Day": 4,
    "Month": "April",
    "Year": 2016,
    "Customer_Age": 23,
    "Age_Group": "Youth (<25)",
    "Customer_Gender": "M",
    "Country": "United States",
    "State": "California",
    "Product_Category": "Bikes",
    "Sub_Category": "Mountain Bikes",
    "Product": "Mountain-200 Silver",
    "Order_Quantity": 38,
    "Unit_Cost": 1,
    "Unit_Price": 1266,
    "Profit": 2320,
    "Cost": 1008,
    "Revenue": 1266,
    "Outlier": 2274,
    "": "Bukan Outlier",
    "__1": "",
    "__2": "",
    "__3": "",
    "__4": "",
    "__5": "",
    "__6": ""
  },
  {
    "Date": "8/9/2013",
    "Day": 9,
    "Month": "August",
    "Year": 2013,
    "Customer_Age": 53,
    "Age_Group": "Adults (35-64)",
    "Customer_Gender": "M",
    "Country": "United States",
    "State": "Washington",
    "Product_Category": "Bikes",
    "Sub_Category": "Mountain Bikes",
    "Product": "Mountain-200 Silver",
    "Order_Quantity": 38,
    "Unit_Cost": 1,
    "Unit_Price": 1266,
    "Profit": 2320,
    "Cost": 544,
    "Revenue": 1266,
    "Outlier": 1810,
    "": "Bukan Outlier",
    "__1": "",
    "__2": "",
    "__3": "",
    "__4": "",
    "__5": "",
    "__6": ""
  },
  {
    "Date": "8/9/2015",
    "Day": 9,
    "Month": "August",
    "Year": 2015,
    "Customer_Age": 53,
    "Age_Group": "Adults (35-64)",
    "Customer_Gender": "M",
    "Country": "United States",
    "State": "Washington",
    "Product_Category": "Bikes",
    "Sub_Category": "Mountain Bikes",
    "Product": "Mountain-200 Silver",
    "Order_Quantity": 38,
    "Unit_Cost": 2,
    "Unit_Price": 1266,
    "Profit": 2320,
    "Cost": 1087,
    "Revenue": 2532,
    "Outlier": 3619,
    "": "Bukan Outlier",
    "__1": "",
    "__2": "",
    "__3": "",
    "__4": "",
    "__5": "",
    "__6": ""
  },
  {
    "Date": "11/10/2013",
    "Day": 10,
    "Month": "November",
    "Year": 2013,
    "Customer_Age": 53,
    "Age_Group": "Adults (35-64)",
    "Customer_Gender": "M",
    "Country": "United States",
    "State": "Washington",
    "Product_Category": "Bikes",
    "Sub_Category": "Mountain Bikes",
    "Product": "Mountain-200 Silver",
    "Order_Quantity": 38,
    "Unit_Cost": 1,
    "Unit_Price": 1266,
    "Profit": 2320,
    "Cost": 544,
    "Revenue": 1266,
    "Outlier": 1810,
    "": "Bukan Outlier",
    "__1": "",
    "__2": "",
    "__3": "",
    "__4": "",
    "__5": "",
    "__6": ""
  },
  {
    "Date": "11/10/2015",
    "Day": 10,
    "Month": "November",
    "Year": 2015,
    "Customer_Age": 53,
    "Age_Group": "Adults (35-64)",
    "Customer_Gender": "M",
    "Country": "United States",
    "State": "Washington",
    "Product_Category": "Bikes",
    "Sub_Category": "Mountain Bikes",
    "Product": "Mountain-200 Silver",
    "Order_Quantity": 38,
    "Unit_Cost": 3,
    "Unit_Price": 1266,
    "Profit": 2320,
    "Cost": 1631,
    "Revenue": 3798,
    "Outlier": 5429,
    "": "Bukan Outlier",
    "__1": "",
    "__2": "",
    "__3": "",
    "__4": "",
    "__5": "",
    "__6": ""
  },
  {
    "Date": "11/29/2013",
    "Day": 29,
    "Month": "November",
    "Year": 2013,
    "Customer_Age": 53,
    "Age_Group": "Adults (35-64)",
    "Customer_Gender": "M",
    "Country": "United States",
    "State": "Washington",
    "Product_Category": "Bikes",
    "Sub_Category": "Mountain Bikes",
    "Product": "Mountain-200 Silver",
    "Order_Quantity": 38,
    "Unit_Cost": 1,
    "Unit_Price": 1266,
    "Profit": 2320,
    "Cost": 544,
    "Revenue": 1266,
    "Outlier": 1810,
    "": "Bukan Outlier",
    "__1": "",
    "__2": "",
    "__3": "",
    "__4": "",
    "__5": "",
    "__6": ""
  },
  {
    "Date": "11/29/2015",
    "Day": 29,
    "Month": "November",
    "Year": 2015,
    "Customer_Age": 53,
    "Age_Group": "Adults (35-64)",
    "Customer_Gender": "M",
    "Country": "United States",
    "State": "Washington",
    "Product_Category": "Bikes",
    "Sub_Category": "Mountain Bikes",
    "Product": "Mountain-200 Silver",
    "Order_Quantity": 38,
    "Unit_Cost": 2,
    "Unit_Price": 1266,
    "Profit": 2320,
    "Cost": 1087,
    "Revenue": 2532,
    "Outlier": 3619,
    "": "Bukan Outlier",
    "__1": "",
    "__2": "",
    "__3": "",
    "__4": "",
    "__5": "",
    "__6": ""
  },
  {
    "Date": "1/26/2014",
    "Day": 26,
    "Month": "January",
    "Year": 2014,
    "Customer_Age": 53,
    "Age_Group": "Adults (35-64)",
    "Customer_Gender": "M",
    "Country": "United States",
    "State": "Washington",
    "Product_Category": "Bikes",
    "Sub_Category": "Mountain Bikes",
    "Product": "Mountain-200 Silver",
    "Order_Quantity": 38,
    "Unit_Cost": 1,
    "Unit_Price": 1266,
    "Profit": 2320,
    "Cost": 544,
    "Revenue": 1266,
    "Outlier": 1810,
    "": "Bukan Outlier",
    "__1": "",
    "__2": "",
    "__3": "",
    "__4": "",
    "__5": "",
    "__6": ""
  },
  {
    "Date": "1/26/2016",
    "Day": 26,
    "Month": "January",
    "Year": 2016,
    "Customer_Age": 53,
    "Age_Group": "Adults (35-64)",
    "Customer_Gender": "M",
    "Country": "United States",
    "State": "Washington",
    "Product_Category": "Bikes",
    "Sub_Category": "Mountain Bikes",
    "Product": "Mountain-200 Silver",
    "Order_Quantity": 38,
    "Unit_Cost": 1,
    "Unit_Price": 1266,
    "Profit": 2320,
    "Cost": 544,
    "Revenue": 1266,
    "Outlier": 1810,
    "": "Bukan Outlier",
    "__1": "",
    "__2": "",
    "__3": "",
    "__4": "",
    "__5": "",
    "__6": ""
  },
  {
    "Date": "7/14/2013",
    "Day": 14,
    "Month": "July",
    "Year": 2013,
    "Customer_Age": 52,
    "Age_Group": "Adults (35-64)",
    "Customer_Gender": "F",
    "Country": "United States",
    "State": "California",
    "Product_Category": "Bikes",
    "Sub_Category": "Mountain Bikes",
    "Product": "Mountain-200 Black",
    "Order_Quantity": 42,
    "Unit_Cost": 1,
    "Unit_Price": 1252,
    "Profit": 2295,
    "Cost": 997,
    "Revenue": 1252,
    "Outlier": 2249,
    "": "Bukan Outlier",
    "__1": "",
    "__2": "",
    "__3": "",
    "__4": "",
    "__5": "",
    "__6": ""
  },
  {
    "Date": "7/14/2015",
    "Day": 14,
    "Month": "July",
    "Year": 2015,
    "Customer_Age": 52,
    "Age_Group": "Adults (35-64)",
    "Customer_Gender": "F",
    "Country": "United States",
    "State": "California",
    "Product_Category": "Bikes",
    "Sub_Category": "Mountain Bikes",
    "Product": "Mountain-200 Black",
    "Order_Quantity": 42,
    "Unit_Cost": 2,
    "Unit_Price": 1252,
    "Profit": 2295,
    "Cost": 1994,
    "Revenue": 2504,
    "Outlier": 4498,
    "": "Bukan Outlier",
    "__1": "",
    "__2": "",
    "__3": "",
    "__4": "",
    "__5": "",
    "__6": ""
  },
  {
    "Date": "10/13/2013",
    "Day": 13,
    "Month": "October",
    "Year": 2013,
    "Customer_Age": 52,
    "Age_Group": "Adults (35-64)",
    "Customer_Gender": "F",
    "Country": "United States",
    "State": "California",
    "Product_Category": "Bikes",
    "Sub_Category": "Mountain Bikes",
    "Product": "Mountain-200 Black",
    "Order_Quantity": 42,
    "Unit_Cost": 1,
    "Unit_Price": 1252,
    "Profit": 2295,
    "Cost": 997,
    "Revenue": 1252,
    "Outlier": 2249,
    "": "Bukan Outlier",
    "__1": "",
    "__2": "",
    "__3": "",
    "__4": "",
    "__5": "",
    "__6": ""
  },
  {
    "Date": "10/13/2015",
    "Day": 13,
    "Month": "October",
    "Year": 2015,
    "Customer_Age": 52,
    "Age_Group": "Adults (35-64)",
    "Customer_Gender": "F",
    "Country": "United States",
    "State": "California",
    "Product_Category": "Bikes",
    "Sub_Category": "Mountain Bikes",
    "Product": "Mountain-200 Black",
    "Order_Quantity": 42,
    "Unit_Cost": 2,
    "Unit_Price": 1252,
    "Profit": 2295,
    "Cost": 1994,
    "Revenue": 2504,
    "Outlier": 4498,
    "": "Bukan Outlier",
    "__1": "",
    "__2": "",
    "__3": "",
    "__4": "",
    "__5": "",
    "__6": ""
  },
  {
    "Date": "5/3/2014",
    "Day": 3,
    "Month": "May",
    "Year": 2014,
    "Customer_Age": 52,
    "Age_Group": "Adults (35-64)",
    "Customer_Gender": "F",
    "Country": "United States",
    "State": "California",
    "Product_Category": "Bikes",
    "Sub_Category": "Mountain Bikes",
    "Product": "Mountain-200 Black",
    "Order_Quantity": 42,
    "Unit_Cost": 1,
    "Unit_Price": 1252,
    "Profit": 2295,
    "Cost": 997,
    "Revenue": 1252,
    "Outlier": 2249,
    "": "Bukan Outlier",
    "__1": "",
    "__2": "",
    "__3": "",
    "__4": "",
    "__5": "",
    "__6": ""
  },
  {
    "Date": "5/3/2016",
    "Day": 3,
    "Month": "May",
    "Year": 2016,
    "Customer_Age": 52,
    "Age_Group": "Adults (35-64)",
    "Customer_Gender": "F",
    "Country": "United States",
    "State": "California",
    "Product_Category": "Bikes",
    "Sub_Category": "Mountain Bikes",
    "Product": "Mountain-200 Black",
    "Order_Quantity": 42,
    "Unit_Cost": 3,
    "Unit_Price": 1252,
    "Profit": 2295,
    "Cost": 2991,
    "Revenue": 3756,
    "Outlier": 6747,
    "": "Outlier",
    "__1": "",
    "__2": "",
    "__3": "",
    "__4": "",
    "__5": "",
    "__6": ""
  },
  {
    "Date": "5/3/2016",
    "Day": 3,
    "Month": "May",
    "Year": 2016,
    "Customer_Age": 52,
    "Age_Group": "Adults (35-64)",
    "Customer_Gender": "F",
    "Country": "United States",
    "State": "California",
    "Product_Category": "Bikes",
    "Sub_Category": "Mountain Bikes",
    "Product": "Mountain-200 Black",
    "Order_Quantity": 42,
    "Unit_Cost": 1,
    "Unit_Price": 1252,
    "Profit": 2295,
    "Cost": 997,
    "Revenue": 1252,
    "Outlier": 2249,
    "": "Bukan Outlier",
    "__1": "",
    "__2": "",
    "__3": "",
    "__4": "",
    "__5": "",
    "__6": ""
  },
  {
    "Date": "11/25/2012",
    "Day": 25,
    "Month": "November",
    "Year": 2012,
    "Customer_Age": 46,
    "Age_Group": "Adults (35-64)",
    "Customer_Gender": "F",
    "Country": "United States",
    "State": "Washington",
    "Product_Category": "Bikes",
    "Sub_Category": "Mountain Bikes",
    "Product": "Mountain-200 Silver",
    "Order_Quantity": 46,
    "Unit_Cost": 2,
    "Unit_Price": 1266,
    "Profit": 2320,
    "Cost": 1087,
    "Revenue": 2532,
    "Outlier": 3619,
    "": "Bukan Outlier",
    "__1": "",
    "__2": "",
    "__3": "",
    "__4": "",
    "__5": "",
    "__6": ""
  },
  {
    "Date": "11/25/2011",
    "Day": 25,
    "Month": "November",
    "Year": 2011,
    "Customer_Age": 46,
    "Age_Group": "Adults (35-64)",
    "Customer_Gender": "F",
    "Country": "United States",
    "State": "Washington",
    "Product_Category": "Bikes",
    "Sub_Category": "Mountain Bikes",
    "Product": "Mountain-200 Silver",
    "Order_Quantity": 46,
    "Unit_Cost": 1,
    "Unit_Price": 1266,
    "Profit": 2320,
    "Cost": 544,
    "Revenue": 1266,
    "Outlier": 1810,
    "": "Bukan Outlier",
    "__1": "",
    "__2": "",
    "__3": "",
    "__4": "",
    "__5": "",
    "__6": ""
  },
  {
    "Date": "1/13/2013",
    "Day": 13,
    "Month": "January",
    "Year": 2013,
    "Customer_Age": 46,
    "Age_Group": "Adults (35-64)",
    "Customer_Gender": "F",
    "Country": "United States",
    "State": "Washington",
    "Product_Category": "Bikes",
    "Sub_Category": "Mountain Bikes",
    "Product": "Mountain-200 Silver",
    "Order_Quantity": 46,
    "Unit_Cost": 1,
    "Unit_Price": 1266,
    "Profit": 2320,
    "Cost": 544,
    "Revenue": 1266,
    "Outlier": 1810,
    "": "Bukan Outlier",
    "__1": "",
    "__2": "",
    "__3": "",
    "__4": "",
    "__5": "",
    "__6": ""
  },
  {
    "Date": "1/13/2015",
    "Day": 13,
    "Month": "January",
    "Year": 2015,
    "Customer_Age": 46,
    "Age_Group": "Adults (35-64)",
    "Customer_Gender": "F",
    "Country": "United States",
    "State": "Washington",
    "Product_Category": "Bikes",
    "Sub_Category": "Mountain Bikes",
    "Product": "Mountain-200 Silver",
    "Order_Quantity": 46,
    "Unit_Cost": 1,
    "Unit_Price": 1266,
    "Profit": 2320,
    "Cost": 544,
    "Revenue": 1266,
    "Outlier": 1810,
    "": "Bukan Outlier",
    "__1": "",
    "__2": "",
    "__3": "",
    "__4": "",
    "__5": "",
    "__6": ""
  },
  {
    "Date": "1/15/2013",
    "Day": 15,
    "Month": "January",
    "Year": 2013,
    "Customer_Age": 46,
    "Age_Group": "Adults (35-64)",
    "Customer_Gender": "F",
    "Country": "United States",
    "State": "Washington",
    "Product_Category": "Bikes",
    "Sub_Category": "Mountain Bikes",
    "Product": "Mountain-200 Silver",
    "Order_Quantity": 46,
    "Unit_Cost": 1,
    "Unit_Price": 1266,
    "Profit": 2320,
    "Cost": 544,
    "Revenue": 1266,
    "Outlier": 1810,
    "": "Bukan Outlier",
    "__1": "",
    "__2": "",
    "__3": "",
    "__4": "",
    "__5": "",
    "__6": ""
  },
  {
    "Date": "1/15/2015",
    "Day": 15,
    "Month": "January",
    "Year": 2015,
    "Customer_Age": 46,
    "Age_Group": "Adults (35-64)",
    "Customer_Gender": "F",
    "Country": "United States",
    "State": "Washington",
    "Product_Category": "Bikes",
    "Sub_Category": "Mountain Bikes",
    "Product": "Mountain-200 Silver",
    "Order_Quantity": 46,
    "Unit_Cost": 3,
    "Unit_Price": 1266,
    "Profit": 2320,
    "Cost": 1631,
    "Revenue": 3798,
    "Outlier": 5429,
    "": "Bukan Outlier",
    "__1": "",
    "__2": "",
    "__3": "",
    "__4": "",
    "__5": "",
    "__6": ""
  },
  {
    "Date": "7/31/2013",
    "Day": 31,
    "Month": "July",
    "Year": 2013,
    "Customer_Age": 46,
    "Age_Group": "Adults (35-64)",
    "Customer_Gender": "F",
    "Country": "United States",
    "State": "Washington",
    "Product_Category": "Bikes",
    "Sub_Category": "Mountain Bikes",
    "Product": "Mountain-200 Silver",
    "Order_Quantity": 46,
    "Unit_Cost": 1,
    "Unit_Price": 1266,
    "Profit": 2320,
    "Cost": 544,
    "Revenue": 1266,
    "Outlier": 1810,
    "": "Bukan Outlier",
    "__1": "",
    "__2": "",
    "__3": "",
    "__4": "",
    "__5": "",
    "__6": ""
  },
  {
    "Date": "7/31/2015",
    "Day": 31,
    "Month": "July",
    "Year": 2015,
    "Customer_Age": 46,
    "Age_Group": "Adults (35-64)",
    "Customer_Gender": "F",
    "Country": "United States",
    "State": "Washington",
    "Product_Category": "Bikes",
    "Sub_Category": "Mountain Bikes",
    "Product": "Mountain-200 Silver",
    "Order_Quantity": 46,
    "Unit_Cost": 1,
    "Unit_Price": 1266,
    "Profit": 2320,
    "Cost": 544,
    "Revenue": 1266,
    "Outlier": 1810,
    "": "Bukan Outlier",
    "__1": "",
    "__2": "",
    "__3": "",
    "__4": "",
    "__5": "",
    "__6": ""
  },
  {
    "Date": "3/23/2013",
    "Day": 23,
    "Month": "March",
    "Year": 2013,
    "Customer_Age": 40,
    "Age_Group": "Adults (35-64)",
    "Customer_Gender": "M",
    "Country": "France",
    "State": "Yveline",
    "Product_Category": "Bikes",
    "Sub_Category": "Mountain Bikes",
    "Product": "Mountain-500 Silver",
    "Order_Quantity": 40,
    "Unit_Cost": 1,
    "Unit_Price": 308,
    "Profit": 565,
    "Cost": 121,
    "Revenue": 308,
    "Outlier": 429,
    "": "Bukan Outlier",
    "__1": "",
    "__2": "",
    "__3": "",
    "__4": "",
    "__5": "",
    "__6": ""
  },
  {
    "Date": "3/23/2015",
    "Day": 23,
    "Month": "March",
    "Year": 2015,
    "Customer_Age": 40,
    "Age_Group": "Adults (35-64)",
    "Customer_Gender": "M",
    "Country": "France",
    "State": "Yveline",
    "Product_Category": "Bikes",
    "Sub_Category": "Mountain Bikes",
    "Product": "Mountain-500 Silver",
    "Order_Quantity": 40,
    "Unit_Cost": 3,
    "Unit_Price": 308,
    "Profit": 565,
    "Cost": 364,
    "Revenue": 924,
    "Outlier": 1288,
    "": "Bukan Outlier",
    "__1": "",
    "__2": "",
    "__3": "",
    "__4": "",
    "__5": "",
    "__6": ""
  },
  {
    "Date": "7/9/2013",
    "Day": 9,
    "Month": "July",
    "Year": 2013,
    "Customer_Age": 40,
    "Age_Group": "Adults (35-64)",
    "Customer_Gender": "M",
    "Country": "France",
    "State": "Yveline",
    "Product_Category": "Bikes",
    "Sub_Category": "Mountain Bikes",
    "Product": "Mountain-500 Silver",
    "Order_Quantity": 40,
    "Unit_Cost": 1,
    "Unit_Price": 308,
    "Profit": 565,
    "Cost": 121,
    "Revenue": 308,
    "Outlier": 429,
    "": "Bukan Outlier",
    "__1": "",
    "__2": "",
    "__3": "",
    "__4": "",
    "__5": "",
    "__6": ""
  },
  {
    "Date": "7/9/2015",
    "Day": 9,
    "Month": "July",
    "Year": 2015,
    "Customer_Age": 40,
    "Age_Group": "Adults (35-64)",
    "Customer_Gender": "M",
    "Country": "France",
    "State": "Yveline",
    "Product_Category": "Bikes",
    "Sub_Category": "Mountain Bikes",
    "Product": "Mountain-500 Silver",
    "Order_Quantity": 40,
    "Unit_Cost": 2,
    "Unit_Price": 308,
    "Profit": 565,
    "Cost": 243,
    "Revenue": 616,
    "Outlier": 859,
    "": "Bukan Outlier",
    "__1": "",
    "__2": "",
    "__3": "",
    "__4": "",
    "__5": "",
    "__6": ""
  },
  {
    "Date": "11/27/2013",
    "Day": 27,
    "Month": "November",
    "Year": 2013,
    "Customer_Age": 40,
    "Age_Group": "Adults (35-64)",
    "Customer_Gender": "M",
    "Country": "France",
    "State": "Yveline",
    "Product_Category": "Bikes",
    "Sub_Category": "Mountain Bikes",
    "Product": "Mountain-500 Silver",
    "Order_Quantity": 40,
    "Unit_Cost": 1,
    "Unit_Price": 308,
    "Profit": 565,
    "Cost": 121,
    "Revenue": 308,
    "Outlier": 429,
    "": "Bukan Outlier",
    "__1": "",
    "__2": "",
    "__3": "",
    "__4": "",
    "__5": "",
    "__6": ""
  },
  {
    "Date": "11/27/2015",
    "Day": 27,
    "Month": "November",
    "Year": 2015,
    "Customer_Age": 40,
    "Age_Group": "Adults (35-64)",
    "Customer_Gender": "M",
    "Country": "France",
    "State": "Yveline",
    "Product_Category": "Bikes",
    "Sub_Category": "Mountain Bikes",
    "Product": "Mountain-500 Silver",
    "Order_Quantity": 40,
    "Unit_Cost": 1,
    "Unit_Price": 308,
    "Profit": 565,
    "Cost": 121,
    "Revenue": 308,
    "Outlier": 429,
    "": "Bukan Outlier",
    "__1": "",
    "__2": "",
    "__3": "",
    "__4": "",
    "__5": "",
    "__6": ""
  },
  {
    "Date": "1/18/2014",
    "Day": 18,
    "Month": "January",
    "Year": 2014,
    "Customer_Age": 40,
    "Age_Group": "Adults (35-64)",
    "Customer_Gender": "M",
    "Country": "France",
    "State": "Yveline",
    "Product_Category": "Bikes",
    "Sub_Category": "Mountain Bikes",
    "Product": "Mountain-500 Silver",
    "Order_Quantity": 40,
    "Unit_Cost": 1,
    "Unit_Price": 308,
    "Profit": 565,
    "Cost": 121,
    "Revenue": 308,
    "Outlier": 429,
    "": "Bukan Outlier",
    "__1": "",
    "__2": "",
    "__3": "",
    "__4": "",
    "__5": "",
    "__6": ""
  },
  {
    "Date": "1/18/2016",
    "Day": 18,
    "Month": "January",
    "Year": 2016,
    "Customer_Age": 40,
    "Age_Group": "Adults (35-64)",
    "Customer_Gender": "M",
    "Country": "France",
    "State": "Yveline",
    "Product_Category": "Bikes",
    "Sub_Category": "Mountain Bikes",
    "Product": "Mountain-500 Silver",
    "Order_Quantity": 40,
    "Unit_Cost": 1,
    "Unit_Price": 308,
    "Profit": 565,
    "Cost": 121,
    "Revenue": 308,
    "Outlier": 429,
    "": "Bukan Outlier",
    "__1": "",
    "__2": "",
    "__3": "",
    "__4": "",
    "__5": "",
    "__6": ""
  },
  {
    "Date": "1/21/2014",
    "Day": 21,
    "Month": "January",
    "Year": 2014,
    "Customer_Age": 40,
    "Age_Group": "Adults (35-64)",
    "Customer_Gender": "M",
    "Country": "France",
    "State": "Yveline",
    "Product_Category": "Bikes",
    "Sub_Category": "Mountain Bikes",
    "Product": "Mountain-500 Silver",
    "Order_Quantity": 40,
    "Unit_Cost": 1,
    "Unit_Price": 308,
    "Profit": 565,
    "Cost": 121,
    "Revenue": 308,
    "Outlier": 429,
    "": "Bukan Outlier",
    "__1": "",
    "__2": "",
    "__3": "",
    "__4": "",
    "__5": "",
    "__6": ""
  },
  {
    "Date": "1/21/2016",
    "Day": 21,
    "Month": "January",
    "Year": 2016,
    "Customer_Age": 40,
    "Age_Group": "Adults (35-64)",
    "Customer_Gender": "M",
    "Country": "France",
    "State": "Yveline",
    "Product_Category": "Bikes",
    "Sub_Category": "Mountain Bikes",
    "Product": "Mountain-500 Silver",
    "Order_Quantity": 40,
    "Unit_Cost": 1,
    "Unit_Price": 308,
    "Profit": 565,
    "Cost": 121,
    "Revenue": 308,
    "Outlier": 429,
    "": "Bukan Outlier",
    "__1": "",
    "__2": "",
    "__3": "",
    "__4": "",
    "__5": "",
    "__6": ""
  },
  {
    "Date": "6/17/2013",
    "Day": 17,
    "Month": "June",
    "Year": 2013,
    "Customer_Age": 40,
    "Age_Group": "Adults (35-64)",
    "Customer_Gender": "F",
    "Country": "United Kingdom",
    "State": "England",
    "Product_Category": "Bikes",
    "Sub_Category": "Mountain Bikes",
    "Product": "Mountain-100 Silver",
    "Order_Quantity": 38,
    "Unit_Cost": 1,
    "Unit_Price": 1912,
    "Profit": 3400,
    "Cost": 1352,
    "Revenue": 1912,
    "Outlier": 3264,
    "": "Bukan Outlier",
    "__1": "",
    "__2": "",
    "__3": "",
    "__4": "",
    "__5": "",
    "__6": ""
  },
  {
    "Date": "6/17/2015",
    "Day": 17,
    "Month": "June",
    "Year": 2015,
    "Customer_Age": 40,
    "Age_Group": "Adults (35-64)",
    "Customer_Gender": "F",
    "Country": "United Kingdom",
    "State": "England",
    "Product_Category": "Bikes",
    "Sub_Category": "Mountain Bikes",
    "Product": "Mountain-100 Silver",
    "Order_Quantity": 38,
    "Unit_Cost": 1,
    "Unit_Price": 1912,
    "Profit": 3400,
    "Cost": 1352,
    "Revenue": 1912,
    "Outlier": 3264,
    "": "Bukan Outlier",
    "__1": "",
    "__2": "",
    "__3": "",
    "__4": "",
    "__5": "",
    "__6": ""
  },
  {
    "Date": "6/30/2013",
    "Day": 30,
    "Month": "June",
    "Year": 2013,
    "Customer_Age": 40,
    "Age_Group": "Adults (35-64)",
    "Customer_Gender": "F",
    "Country": "United Kingdom",
    "State": "England",
    "Product_Category": "Bikes",
    "Sub_Category": "Mountain Bikes",
    "Product": "Mountain-100 Silver",
    "Order_Quantity": 38,
    "Unit_Cost": 1,
    "Unit_Price": 1912,
    "Profit": 3400,
    "Cost": 1352,
    "Revenue": 1912,
    "Outlier": 3264,
    "": "Bukan Outlier",
    "__1": "",
    "__2": "",
    "__3": "",
    "__4": "",
    "__5": "",
    "__6": ""
  },
  {
    "Date": "6/30/2015",
    "Day": 30,
    "Month": "June",
    "Year": 2015,
    "Customer_Age": 40,
    "Age_Group": "Adults (35-64)",
    "Customer_Gender": "F",
    "Country": "United Kingdom",
    "State": "England",
    "Product_Category": "Bikes",
    "Sub_Category": "Mountain Bikes",
    "Product": "Mountain-100 Silver",
    "Order_Quantity": 38,
    "Unit_Cost": 1,
    "Unit_Price": 1912,
    "Profit": 3400,
    "Cost": 1352,
    "Revenue": 1912,
    "Outlier": 3264,
    "": "Bukan Outlier",
    "__1": "",
    "__2": "",
    "__3": "",
    "__4": "",
    "__5": "",
    "__6": ""
  },
  {
    "Date": "7/16/2013",
    "Day": 16,
    "Month": "July",
    "Year": 2013,
    "Customer_Age": 40,
    "Age_Group": "Adults (35-64)",
    "Customer_Gender": "F",
    "Country": "United Kingdom",
    "State": "England",
    "Product_Category": "Bikes",
    "Sub_Category": "Mountain Bikes",
    "Product": "Mountain-100 Silver",
    "Order_Quantity": 38,
    "Unit_Cost": 1,
    "Unit_Price": 1912,
    "Profit": 3400,
    "Cost": 1352,
    "Revenue": 1912,
    "Outlier": 3264,
    "": "Bukan Outlier",
    "__1": "",
    "__2": "",
    "__3": "",
    "__4": "",
    "__5": "",
    "__6": ""
  },
  {
    "Date": "7/16/2015",
    "Day": 16,
    "Month": "July",
    "Year": 2015,
    "Customer_Age": 40,
    "Age_Group": "Adults (35-64)",
    "Customer_Gender": "F",
    "Country": "United Kingdom",
    "State": "England",
    "Product_Category": "Bikes",
    "Sub_Category": "Mountain Bikes",
    "Product": "Mountain-100 Silver",
    "Order_Quantity": 38,
    "Unit_Cost": 2,
    "Unit_Price": 1912,
    "Profit": 3400,
    "Cost": 2704,
    "Revenue": 3824,
    "Outlier": 6528,
    "": "Outlier",
    "__1": "",
    "__2": "",
    "__3": "",
    "__4": "",
    "__5": "",
    "__6": ""
  },
  {
    "Date": "7/24/2013",
    "Day": 24,
    "Month": "July",
    "Year": 2013,
    "Customer_Age": 40,
    "Age_Group": "Adults (35-64)",
    "Customer_Gender": "F",
    "Country": "United Kingdom",
    "State": "England",
    "Product_Category": "Bikes",
    "Sub_Category": "Mountain Bikes",
    "Product": "Mountain-100 Silver",
    "Order_Quantity": 38,
    "Unit_Cost": 1,
    "Unit_Price": 1912,
    "Profit": 3400,
    "Cost": 1352,
    "Revenue": 1912,
    "Outlier": 3264,
    "": "Bukan Outlier",
    "__1": "",
    "__2": "",
    "__3": "",
    "__4": "",
    "__5": "",
    "__6": ""
  },
  {
    "Date": "7/24/2015",
    "Day": 24,
    "Month": "July",
    "Year": 2015,
    "Customer_Age": 40,
    "Age_Group": "Adults (35-64)",
    "Customer_Gender": "F",
    "Country": "United Kingdom",
    "State": "England",
    "Product_Category": "Bikes",
    "Sub_Category": "Mountain Bikes",
    "Product": "Mountain-100 Silver",
    "Order_Quantity": 38,
    "Unit_Cost": 1,
    "Unit_Price": 1912,
    "Profit": 3400,
    "Cost": 1352,
    "Revenue": 1912,
    "Outlier": 3264,
    "": "Bukan Outlier",
    "__1": "",
    "__2": "",
    "__3": "",
    "__4": "",
    "__5": "",
    "__6": ""
  },
  {
    "Date": "8/4/2013",
    "Day": 4,
    "Month": "August",
    "Year": 2013,
    "Customer_Age": 40,
    "Age_Group": "Adults (35-64)",
    "Customer_Gender": "F",
    "Country": "United Kingdom",
    "State": "England",
    "Product_Category": "Bikes",
    "Sub_Category": "Mountain Bikes",
    "Product": "Mountain-100 Silver",
    "Order_Quantity": 38,
    "Unit_Cost": 1,
    "Unit_Price": 1912,
    "Profit": 3400,
    "Cost": 1352,
    "Revenue": 1912,
    "Outlier": 3264,
    "": "Bukan Outlier",
    "__1": "",
    "__2": "",
    "__3": "",
    "__4": "",
    "__5": "",
    "__6": ""
  },
  {
    "Date": "8/4/2015",
    "Day": 4,
    "Month": "August",
    "Year": 2015,
    "Customer_Age": 40,
    "Age_Group": "Adults (35-64)",
    "Customer_Gender": "F",
    "Country": "United Kingdom",
    "State": "England",
    "Product_Category": "Bikes",
    "Sub_Category": "Mountain Bikes",
    "Product": "Mountain-100 Silver",
    "Order_Quantity": 38,
    "Unit_Cost": 1,
    "Unit_Price": 1912,
    "Profit": 3400,
    "Cost": 1352,
    "Revenue": 1912,
    "Outlier": 3264,
    "": "Bukan Outlier",
    "__1": "",
    "__2": "",
    "__3": "",
    "__4": "",
    "__5": "",
    "__6": ""
  },
  {
    "Date": "11/19/2013",
    "Day": 19,
    "Month": "November",
    "Year": 2013,
    "Customer_Age": 40,
    "Age_Group": "Adults (35-64)",
    "Customer_Gender": "F",
    "Country": "United Kingdom",
    "State": "England",
    "Product_Category": "Bikes",
    "Sub_Category": "Mountain Bikes",
    "Product": "Mountain-100 Silver",
    "Order_Quantity": 38,
    "Unit_Cost": 1,
    "Unit_Price": 1912,
    "Profit": 3400,
    "Cost": 1352,
    "Revenue": 1912,
    "Outlier": 3264,
    "": "Bukan Outlier",
    "__1": "",
    "__2": "",
    "__3": "",
    "__4": "",
    "__5": "",
    "__6": ""
  },
  {
    "Date": "11/19/2015",
    "Day": 19,
    "Month": "November",
    "Year": 2015,
    "Customer_Age": 40,
    "Age_Group": "Adults (35-64)",
    "Customer_Gender": "F",
    "Country": "United Kingdom",
    "State": "England",
    "Product_Category": "Bikes",
    "Sub_Category": "Mountain Bikes",
    "Product": "Mountain-100 Silver",
    "Order_Quantity": 38,
    "Unit_Cost": 1,
    "Unit_Price": 1912,
    "Profit": 3400,
    "Cost": 1352,
    "Revenue": 1912,
    "Outlier": 3264,
    "": "Bukan Outlier",
    "__1": "",
    "__2": "",
    "__3": "",
    "__4": "",
    "__5": "",
    "__6": ""
  },
  {
    "Date": "11/24/2013",
    "Day": 24,
    "Month": "November",
    "Year": 2013,
    "Customer_Age": 40,
    "Age_Group": "Adults (35-64)",
    "Customer_Gender": "F",
    "Country": "United Kingdom",
    "State": "England",
    "Product_Category": "Bikes",
    "Sub_Category": "Mountain Bikes",
    "Product": "Mountain-100 Silver",
    "Order_Quantity": 38,
    "Unit_Cost": 1,
    "Unit_Price": 1912,
    "Profit": 3400,
    "Cost": 1352,
    "Revenue": 1912,
    "Outlier": 3264,
    "": "Bukan Outlier",
    "__1": "",
    "__2": "",
    "__3": "",
    "__4": "",
    "__5": "",
    "__6": ""
  },
  {
    "Date": "11/24/2015",
    "Day": 24,
    "Month": "November",
    "Year": 2015,
    "Customer_Age": 40,
    "Age_Group": "Adults (35-64)",
    "Customer_Gender": "F",
    "Country": "United Kingdom",
    "State": "England",
    "Product_Category": "Bikes",
    "Sub_Category": "Mountain Bikes",
    "Product": "Mountain-100 Silver",
    "Order_Quantity": 38,
    "Unit_Cost": 1,
    "Unit_Price": 1912,
    "Profit": 3400,
    "Cost": 1352,
    "Revenue": 1912,
    "Outlier": 3264,
    "": "Bukan Outlier",
    "__1": "",
    "__2": "",
    "__3": "",
    "__4": "",
    "__5": "",
    "__6": ""
  },
  {
    "Date": "2/3/2014",
    "Day": 3,
    "Month": "February",
    "Year": 2014,
    "Customer_Age": 40,
    "Age_Group": "Adults (35-64)",
    "Customer_Gender": "F",
    "Country": "United Kingdom",
    "State": "England",
    "Product_Category": "Bikes",
    "Sub_Category": "Mountain Bikes",
    "Product": "Mountain-100 Silver",
    "Order_Quantity": 38,
    "Unit_Cost": 1,
    "Unit_Price": 1912,
    "Profit": 3400,
    "Cost": 1352,
    "Revenue": 1912,
    "Outlier": 3264,
    "": "Bukan Outlier",
    "__1": "",
    "__2": "",
    "__3": "",
    "__4": "",
    "__5": "",
    "__6": ""
  },
  {
    "Date": "2/3/2016",
    "Day": 3,
    "Month": "February",
    "Year": 2016,
    "Customer_Age": 40,
    "Age_Group": "Adults (35-64)",
    "Customer_Gender": "F",
    "Country": "United Kingdom",
    "State": "England",
    "Product_Category": "Bikes",
    "Sub_Category": "Mountain Bikes",
    "Product": "Mountain-100 Silver",
    "Order_Quantity": 38,
    "Unit_Cost": 1,
    "Unit_Price": 1912,
    "Profit": 3400,
    "Cost": 1352,
    "Revenue": 1912,
    "Outlier": 3264,
    "": "Bukan Outlier",
    "__1": "",
    "__2": "",
    "__3": "",
    "__4": "",
    "__5": "",
    "__6": ""
  },
  {
    "Date": "4/14/2014",
    "Day": 14,
    "Month": "April",
    "Year": 2014,
    "Customer_Age": 40,
    "Age_Group": "Adults (35-64)",
    "Customer_Gender": "F",
    "Country": "United Kingdom",
    "State": "England",
    "Product_Category": "Bikes",
    "Sub_Category": "Mountain Bikes",
    "Product": "Mountain-100 Silver",
    "Order_Quantity": 38,
    "Unit_Cost": 1,
    "Unit_Price": 1912,
    "Profit": 3400,
    "Cost": 1352,
    "Revenue": 1912,
    "Outlier": 3264,
    "": "Bukan Outlier",
    "__1": "",
    "__2": "",
    "__3": "",
    "__4": "",
    "__5": "",
    "__6": ""
  },
  {
    "Date": "4/14/2016",
    "Day": 14,
    "Month": "April",
    "Year": 2016,
    "Customer_Age": 40,
    "Age_Group": "Adults (35-64)",
    "Customer_Gender": "F",
    "Country": "United Kingdom",
    "State": "England",
    "Product_Category": "Bikes",
    "Sub_Category": "Mountain Bikes",
    "Product": "Mountain-100 Silver",
    "Order_Quantity": 38,
    "Unit_Cost": 2,
    "Unit_Price": 1912,
    "Profit": 3400,
    "Cost": 2704,
    "Revenue": 3824,
    "Outlier": 6528,
    "": "Outlier",
    "__1": "",
    "__2": "",
    "__3": "",
    "__4": "",
    "__5": "",
    "__6": ""
  },
  {
    "Date": "4/29/2014",
    "Day": 29,
    "Month": "April",
    "Year": 2014,
    "Customer_Age": 40,
    "Age_Group": "Adults (35-64)",
    "Customer_Gender": "F",
    "Country": "United Kingdom",
    "State": "England",
    "Product_Category": "Bikes",
    "Sub_Category": "Mountain Bikes",
    "Product": "Mountain-100 Silver",
    "Order_Quantity": 38,
    "Unit_Cost": 1,
    "Unit_Price": 1912,
    "Profit": 3400,
    "Cost": 1352,
    "Revenue": 1912,
    "Outlier": 3264,
    "": "Bukan Outlier",
    "__1": "",
    "__2": "",
    "__3": "",
    "__4": "",
    "__5": "",
    "__6": ""
  },
  {
    "Date": "4/29/2016",
    "Day": 29,
    "Month": "April",
    "Year": 2016,
    "Customer_Age": 40,
    "Age_Group": "Adults (35-64)",
    "Customer_Gender": "F",
    "Country": "United Kingdom",
    "State": "England",
    "Product_Category": "Bikes",
    "Sub_Category": "Mountain Bikes",
    "Product": "Mountain-100 Silver",
    "Order_Quantity": 38,
    "Unit_Cost": 1,
    "Unit_Price": 1912,
    "Profit": 3400,
    "Cost": 1352,
    "Revenue": 1912,
    "Outlier": 3264,
    "": "Bukan Outlier",
    "__1": "",
    "__2": "",
    "__3": "",
    "__4": "",
    "__5": "",
    "__6": ""
  },
  {
    "Date": "6/5/2014",
    "Day": 5,
    "Month": "June",
    "Year": 2014,
    "Customer_Age": 40,
    "Age_Group": "Adults (35-64)",
    "Customer_Gender": "F",
    "Country": "United Kingdom",
    "State": "England",
    "Product_Category": "Bikes",
    "Sub_Category": "Mountain Bikes",
    "Product": "Mountain-100 Silver",
    "Order_Quantity": 38,
    "Unit_Cost": 1,
    "Unit_Price": 1912,
    "Profit": 3400,
    "Cost": 1352,
    "Revenue": 1912,
    "Outlier": 3264,
    "": "Bukan Outlier",
    "__1": "",
    "__2": "",
    "__3": "",
    "__4": "",
    "__5": "",
    "__6": ""
  },
  {
    "Date": "6/5/2016",
    "Day": 5,
    "Month": "June",
    "Year": 2016,
    "Customer_Age": 40,
    "Age_Group": "Adults (35-64)",
    "Customer_Gender": "F",
    "Country": "United Kingdom",
    "State": "England",
    "Product_Category": "Bikes",
    "Sub_Category": "Mountain Bikes",
    "Product": "Mountain-100 Silver",
    "Order_Quantity": 38,
    "Unit_Cost": 2,
    "Unit_Price": 1912,
    "Profit": 3400,
    "Cost": 2704,
    "Revenue": 3824,
    "Outlier": 6528,
    "": "Outlier",
    "__1": "",
    "__2": "",
    "__3": "",
    "__4": "",
    "__5": "",
    "__6": ""
  },
  {
    "Date": "4/20/2014",
    "Day": 20,
    "Month": "April",
    "Year": 2014,
    "Customer_Age": 65,
    "Age_Group": "Seniors (64+)",
    "Customer_Gender": "M",
    "Country": "Canada",
    "State": "British Columbia",
    "Product_Category": "Bikes",
    "Sub_Category": "Mountain Bikes",
    "Product": "Mountain-200 Black",
    "Order_Quantity": 42,
    "Unit_Cost": 1,
    "Unit_Price": 1252,
    "Profit": 2295,
    "Cost": 1020,
    "Revenue": 1252,
    "Outlier": 2272,
    "": "Bukan Outlier",
    "__1": "",
    "__2": "",
    "__3": "",
    "__4": "",
    "__5": "",
    "__6": ""
  },
  {
    "Date": "4/20/2016",
    "Day": 20,
    "Month": "April",
    "Year": 2016,
    "Customer_Age": 65,
    "Age_Group": "Seniors (64+)",
    "Customer_Gender": "M",
    "Country": "Canada",
    "State": "British Columbia",
    "Product_Category": "Bikes",
    "Sub_Category": "Mountain Bikes",
    "Product": "Mountain-200 Black",
    "Order_Quantity": 42,
    "Unit_Cost": 1,
    "Unit_Price": 1252,
    "Profit": 2295,
    "Cost": 1020,
    "Revenue": 1252,
    "Outlier": 2272,
    "": "Bukan Outlier",
    "__1": "",
    "__2": "",
    "__3": "",
    "__4": "",
    "__5": "",
    "__6": ""
  },
  {
    "Date": "2/2/2013",
    "Day": 2,
    "Month": "February",
    "Year": 2013,
    "Customer_Age": 32,
    "Age_Group": "Young Adults (25-34)",
    "Customer_Gender": "F",
    "Country": "United States",
    "State": "Oregon",
    "Product_Category": "Bikes",
    "Sub_Category": "Mountain Bikes",
    "Product": "Mountain-200 Black",
    "Order_Quantity": 46,
    "Unit_Cost": 1,
    "Unit_Price": 1252,
    "Profit": 2295,
    "Cost": 722,
    "Revenue": 1252,
    "Outlier": 1974,
    "": "Bukan Outlier",
    "__1": "",
    "__2": "",
    "__3": "",
    "__4": "",
    "__5": "",
    "__6": ""
  },
  {
    "Date": "2/2/2015",
    "Day": 2,
    "Month": "February",
    "Year": 2015,
    "Customer_Age": 32,
    "Age_Group": "Young Adults (25-34)",
    "Customer_Gender": "F",
    "Country": "United States",
    "State": "Oregon",
    "Product_Category": "Bikes",
    "Sub_Category": "Mountain Bikes",
    "Product": "Mountain-200 Black",
    "Order_Quantity": 46,
    "Unit_Cost": 1,
    "Unit_Price": 1252,
    "Profit": 2295,
    "Cost": 722,
    "Revenue": 1252,
    "Outlier": 1974,
    "": "Bukan Outlier",
    "__1": "",
    "__2": "",
    "__3": "",
    "__4": "",
    "__5": "",
    "__6": ""
  }
]